<?xml version="1.0" ?><OAI-PMH xmlns="http://www.openarchives.org/OAI/2.0/" xmlns:xsi="http://www.w3.org/2001/XMLSchema-instance" xsi:schemaLocation="http://www.openarchives.org/OAI/2.0/ http://www.openarchives.org/OAI/2.0/OAI-PMH.xsd">
  <responseDate>2024-11-20T18:26:18Z</responseDate>
  <request resumptionToken="1900-01-01@all@UNIGE_ALL@marc21@5986564510005502" verb="ListRecords">https://slsp-unige.alma.exlibrisgroup.com/view/oai/41SLSP_UGE/request</request>
<ListRecords><record><header><identifier>oai:alma.41SLSP_UGE:991000768429705502</identifier><datestamp>2024-03-09T01:21:47Z</datestamp><setSpec>uge_bcen_RapidILL_BOOK</setSpec><setSpec>uge_aaca_RapidILL_BOOK</setSpec><setSpec>uge_abels_RapidILL_BOOK</setSpec><setSpec>uge_dbu_RapidILL_BOOK</setSpec><setSpec>uge_cmu_RapidILL_BOOK</setSpec><setSpec>uge_mail_RapidILL_BOOK</setSpec><setSpec>uge_abbat_RapidILL_BOOK</setSpec><setSpec>UNIGE_ALL</setSpec><setSpec>uge_aobs_RapidILL_BOOK</setSpec><setSpec>uge_acar_RapidILL_BOOK</setSpec></header><metadata>
<record xmlns="http://www.loc.gov/MARC21/slim" xmlns:xsi="http://www.w3.org/2001/XMLSchema-instance" xsi:schemaLocation="http://www.loc.gov/MARC21/slim http://www.loc.gov/standards/marcxml/schema/MARC21slim.xsd"><leader>01960nam a2200589 c 4500</leader><controlfield tag="001">991000768429705502</controlfield><controlfield tag="005">20240308234903.0</controlfield><controlfield tag="008">201011s1995    gw     |      00| ||ger|d</controlfield><datafield ind1=" " ind2=" " tag="020"><subfield code="a">3161464362</subfield></datafield><datafield ind1=" " ind2=" " tag="035"><subfield code="a">(swissbib)21821328X-41slsp_network</subfield></datafield><datafield ind1=" " ind2=" " tag="035"><subfield code="a">21821328X</subfield><subfield code="9">ExL</subfield></datafield><datafield ind1=" " ind2=" " tag="035"><subfield code="a">(NEBIS)001765716EBI01</subfield></datafield><datafield ind1=" " ind2=" " tag="035"><subfield code="a">(IDSBB)001167123DSV01</subfield></datafield><datafield ind1=" " ind2=" " tag="035"><subfield code="a">(IDSLU)000163017ILU01</subfield></datafield><datafield ind1=" " ind2=" " tag="035"><subfield code="a">(RERO)2244635-41slsp</subfield></datafield><datafield ind1=" " ind2=" " tag="035"><subfield code="a">(ABN)000078372ABN01</subfield></datafield><datafield ind1=" " ind2=" " tag="035"><subfield code="a">(EXLNZ-41SLSP_NETWORK)991038487559705501</subfield></datafield><datafield ind1=" " ind2=" " tag="040"><subfield code="a">ZBZ</subfield><subfield code="b">ger</subfield><subfield code="e">ETHICS-ISBD</subfield><subfield code="d">CH-ZuSLS</subfield></datafield><datafield ind1="1" ind2=" " tag="041"><subfield code="a">ger</subfield><subfield code="h">arc</subfield></datafield><datafield ind1=" " ind2="7" tag="072"><subfield code="a">ju</subfield><subfield code="2">SzZuIDS BS/BE</subfield></datafield><datafield ind1=" " ind2="7" tag="072"><subfield code="a">720</subfield><subfield code="2">IDS LU</subfield></datafield><datafield ind1=" " ind2="7" tag="072"><subfield code="a">th</subfield><subfield code="2">rero</subfield></datafield><datafield ind1="1" ind2=" " tag="080"><subfield code="a">228.54</subfield></datafield><datafield ind1="0" ind2="0" tag="082"><subfield code="a">296.1/240531 s</subfield><subfield code="a">296.1/241</subfield><subfield code="2">21</subfield></datafield><datafield ind1="0" ind2="0" tag="082"><subfield code="a">296.1/24/05</subfield></datafield><datafield ind1="0" ind2="4" tag="082"><subfield code="a">296.1/241</subfield></datafield><datafield ind1="0" ind2="4" tag="082"><subfield code="a">296.1/240531</subfield></datafield><datafield ind1="1" ind2="4" tag="082"><subfield code="a">296</subfield><subfield code="2">15</subfield></datafield><datafield ind1=" " ind2=" " tag="084"><subfield code="a">BD 3400</subfield><subfield code="2">rvk</subfield></datafield><datafield ind1="0" ind2="0" tag="245"><subfield code="a">Demai</subfield><subfield code="b">= Zweifelhaftes</subfield><subfield code="c">übers. von Gerd A. Wewers ... [et al.]</subfield></datafield><datafield ind1="1" ind2="1" tag="246"><subfield code="a">Zweifelhaftes</subfield></datafield><datafield ind1=" " ind2="1" tag="264"><subfield code="a">Tübingen</subfield><subfield code="b">Mohr</subfield><subfield code="c">1995</subfield></datafield><datafield ind1=" " ind2=" " tag="300"><subfield code="a">XVII, 209 S.</subfield><subfield code="c">24 cm</subfield></datafield><datafield ind1=" " ind2=" " tag="336"><subfield code="b">txt</subfield><subfield code="2">rdacontent</subfield></datafield><datafield ind1=" " ind2=" " tag="337"><subfield code="b">n</subfield><subfield code="2">rdamedia</subfield></datafield><datafield ind1=" " ind2=" " tag="338"><subfield code="b">nc</subfield><subfield code="2">rdacarrier</subfield></datafield><datafield ind1="1" ind2=" " tag="490"><subfield code="a">Übersetzung des Talmud Yerushalmi</subfield><subfield code="v">Band 1,3</subfield></datafield><datafield ind1=" " ind2=" " tag="500"><subfield code="a">Text nur dt.</subfield></datafield><datafield ind1=" " ind2=" " tag="504"><subfield code="a">Literaturangaben</subfield></datafield><datafield ind1="0" ind2="7" tag="630"><subfield code="a">Jerusalemer Talmud</subfield><subfield code="0">(DE-588)4184390-3</subfield><subfield code="2">gnd</subfield></datafield><datafield ind1="0" ind2="0" tag="630"><subfield code="a">Aggada</subfield></datafield><datafield ind1="0" ind2="0" tag="630"><subfield code="a">Talmud Yerushalmi</subfield><subfield code="p">Demai</subfield><subfield code="v">Commentaries</subfield></datafield><datafield ind1=" " ind2="7" tag="650"><subfield code="a">Deutsch</subfield><subfield code="0">(DE-588)4113292-0</subfield><subfield code="2">gnd</subfield></datafield><datafield ind1=" " ind2="7" tag="650"><subfield code="a">Übersetzung</subfield><subfield code="0">(DE-588)4061418-9</subfield><subfield code="2">gnd</subfield></datafield><datafield ind1=" " ind2="7" tag="650"><subfield code="a">Talmud, Jerusalemer</subfield><subfield code="2">icz</subfield></datafield><datafield ind1=" " ind2="7" tag="650"><subfield code="a">Übersetzungen</subfield><subfield code="2">icz</subfield></datafield><datafield ind1="1" ind2=" " tag="700"><subfield code="a">Wewers, Gerd A.</subfield><subfield code="d">1944-1985</subfield><subfield code="0">(IDREF)02855969X</subfield></datafield><datafield ind1="0" ind2=" " tag="730"><subfield code="a">Talmud de Palestine</subfield><subfield code="n">1</subfield><subfield code="p">Zeraʾim</subfield><subfield code="n">3</subfield><subfield code="p">Demaʾí</subfield><subfield code="l">Allemand</subfield></datafield><datafield ind1="0" ind2=" " tag="730"><subfield code="a">Jerusalemer Talmud</subfield><subfield code="p">Demai</subfield><subfield code="0">(DE-588)1088071376</subfield></datafield><datafield ind1=" " ind2=" " tag="830"><subfield code="a">Jerusalemer Talmud</subfield><subfield code="v">1/3</subfield><subfield code="w">(IDSLU)000165250ILU01</subfield></datafield><datafield ind1=" " ind2=" " tag="830"><subfield code="a">Übersetzung des Talmud Yerushalmi</subfield><subfield code="v">1,3</subfield><subfield code="w">(RERO)2244629-41slsp</subfield></datafield><datafield ind1=" " ind2=" " tag="900"><subfield code="a">IDSERICZIMPORT</subfield></datafield><datafield ind1=" " ind2=" " tag="900"><subfield code="a">REROnoselfmerge</subfield></datafield></record>
</metadata></record>