<record><header><identifier>oai:alma.41SLSP_UGE:991000768229705502</identifier><datestamp>2023-03-01T01:10:08Z</datestamp><setSpec>uge_bcen_RapidILL_BOOK</setSpec><setSpec>uge_aaca_RapidILL_BOOK</setSpec><setSpec>uge_abels_RapidILL_BOOK</setSpec><setSpec>uge_dbu_RapidILL_BOOK</setSpec><setSpec>uge_cmu_RapidILL_BOOK</setSpec><setSpec>uge_mail_RapidILL_BOOK</setSpec><setSpec>UNIGE_ALL</setSpec><setSpec>uge_abbat_RapidILL_BOOK</setSpec><setSpec>uge_acar_RapidILL_BOOK</setSpec><setSpec>uge_aobs_RapidILL_BOOK</setSpec></header><metadata>
<record xmlns="http://www.loc.gov/MARC21/slim" xmlns:xsi="http://www.w3.org/2001/XMLSchema-instance" xsi:schemaLocation="http://www.loc.gov/MARC21/slim http://www.loc.gov/standards/marcxml/schema/MARC21slim.xsd"><leader>01335nam a2200349 c 4500</leader><controlfield tag="001">991000768229705502</controlfield><controlfield tag="005">20230208192941.0</controlfield><controlfield tag="008">201011s1970    fr ||||| |||| 00| ||eng d</controlfield><datafield ind1=" " ind2=" " tag="035"><subfield code="a">(swissbib)220647569-41slsp_network</subfield></datafield><datafield ind1=" " ind2=" " tag="035"><subfield code="a">220647569</subfield><subfield code="9">ExL</subfield></datafield><datafield ind1=" " ind2=" " tag="035"><subfield code="a">(RERO)1868540-41slsp</subfield></datafield><datafield ind1=" " ind2=" " tag="035"><subfield code="a">(IDSLU)000715405ILU01</subfield></datafield><datafield ind1=" " ind2=" " tag="035"><subfield code="a">(EXLNZ-41SLSP_NETWORK)991002893819705501</subfield></datafield><datafield ind1=" " ind2=" " tag="040"><subfield code="a">RERO labcuc</subfield><subfield code="d">CH-ZuSLS</subfield></datafield><datafield ind1=" " ind2="7" tag="072"><subfield code="a">th</subfield><subfield code="2">rero</subfield></datafield><datafield ind1="1" ind2=" " tag="100"><subfield code="a">Corriveau, Raymond</subfield><subfield code="0">(RERO)A003136792</subfield><subfield code="4">cre</subfield></datafield><datafield ind1="1" ind2="0" tag="245"><subfield code="a">&lt;&lt;The&gt;&gt; liturgy of life</subfield><subfield code="b">a study of the ethical thought of St. Paul in his letters to the early christian communities</subfield><subfield code="c">Raymond Corriveau</subfield></datafield><datafield ind1=" " ind2="1" tag="264"><subfield code="a">Paris</subfield><subfield code="b">Desclée de Brouwer</subfield><subfield code="a">Montréal</subfield><subfield code="b">Les Ed. Bellarmin</subfield><subfield code="c">1970</subfield></datafield><datafield ind1=" " ind2=" " tag="300"><subfield code="a">296 p.</subfield><subfield code="c">24 cm</subfield></datafield><datafield ind1=" " ind2=" " tag="336"><subfield code="b">txt</subfield><subfield code="2">rdacontent</subfield></datafield><datafield ind1=" " ind2=" " tag="337"><subfield code="b">n</subfield><subfield code="2">rdamedia</subfield></datafield><datafield ind1=" " ind2=" " tag="338"><subfield code="b">nc</subfield><subfield code="2">rdacarrier</subfield></datafield><datafield ind1="1" ind2=" " tag="490"><subfield code="a">Studia. Travaux de recherche</subfield><subfield code="v">25</subfield></datafield><datafield ind1=" " ind2=" " tag="502"><subfield code="a">Diss. Rome</subfield></datafield><datafield ind1="0" ind2="7" tag="630"><subfield code="a">Bible</subfield><subfield code="p">NT</subfield><subfield code="p">Epîtres pauliniennes</subfield><subfield code="0">(RERO)A009967480</subfield><subfield code="2">rero</subfield></datafield><datafield ind1=" " ind2="7" tag="650"><subfield code="a">Liturgie</subfield><subfield code="0">(IDREF)027268349</subfield><subfield code="2">idref</subfield></datafield><datafield ind1=" " ind2="7" tag="650"><subfield code="a">vie quotidienne</subfield><subfield code="0">(RERO)A010036329</subfield><subfield code="2">rerovoc</subfield></datafield><datafield ind1=" " ind2="7" tag="655"><subfield code="a">Hochschulschrift</subfield><subfield code="2">gnd-content</subfield></datafield><datafield ind1=" " ind2=" " tag="690"><subfield code="a">Moraltheologie, B: Paulus</subfield><subfield code="2">rzs-L1</subfield></datafield><datafield ind1=" " ind2=" " tag="690"><subfield code="a">Paulus, Apostel, B: Moraltheologie</subfield><subfield code="2">rzs-L1</subfield></datafield><datafield ind1=" " ind2="0" tag="830"><subfield code="a">Studia</subfield><subfield code="p">Desclée de Brouwer</subfield><subfield code="v">25</subfield><subfield code="w">(RERO)0743923-41slsp</subfield></datafield><datafield ind1=" " ind2="0" tag="830"><subfield code="a">Studia</subfield><subfield code="v">25</subfield><subfield code="w">(IDSLU)001171224ILU01</subfield></datafield><datafield ind1=" " ind2=" " tag="900"><subfield code="a">REROnoselfmerge</subfield></datafield></record>
</metadata></record>