<record><header><identifier>oai:alma.41SLSP_UGE:991000768019705502</identifier><datestamp>2023-04-08T00:11:07Z</datestamp><setSpec>uge_bcen_RapidILL_BOOK</setSpec><setSpec>uge_aaca_RapidILL_BOOK</setSpec><setSpec>uge_abels_RapidILL_BOOK</setSpec><setSpec>uge_dbu_RapidILL_BOOK</setSpec><setSpec>uge_cmu_RapidILL_BOOK</setSpec><setSpec>uge_mail_RapidILL_BOOK</setSpec><setSpec>uge_abbat_RapidILL_BOOK</setSpec><setSpec>UNIGE_ALL</setSpec><setSpec>uge_aobs_RapidILL_BOOK</setSpec><setSpec>uge_acar_RapidILL_BOOK</setSpec></header><metadata>
<record xmlns="http://www.loc.gov/MARC21/slim" xmlns:xsi="http://www.w3.org/2001/XMLSchema-instance" xsi:schemaLocation="http://www.loc.gov/MARC21/slim http://www.loc.gov/standards/marcxml/schema/MARC21slim.xsd"><leader>02450nam a2200517uc 4500</leader><controlfield tag="001">991000768019705502</controlfield><controlfield tag="005">20230407122420.0</controlfield><controlfield tag="008">201011s1998    it     |      10| ||ita|d</controlfield><datafield ind1=" " ind2=" " tag="020"><subfield code="a">8877020792</subfield></datafield><datafield ind1=" " ind2=" " tag="035"><subfield code="a">(swissbib)229548490-41slsp_network</subfield></datafield><datafield ind1=" " ind2=" " tag="035"><subfield code="a">229548490</subfield><subfield code="9">ExL</subfield></datafield><datafield ind1=" " ind2=" " tag="035"><subfield code="a">(NEBIS)001945528EBI01</subfield></datafield><datafield ind1=" " ind2=" " tag="035"><subfield code="a">(IDSBB)003439528DSV01</subfield></datafield><datafield ind1=" " ind2=" " tag="035"><subfield code="a">(RERO)R234079460-41slsp</subfield></datafield><datafield ind1=" " ind2=" " tag="035"><subfield code="a">(EXLNZ-41SLSP_NETWORK)991041064909705501</subfield></datafield><datafield ind1=" " ind2=" " tag="040"><subfield code="a">SLM</subfield><subfield code="b">ger</subfield><subfield code="e">ETHICS-ISBD</subfield><subfield code="d">CH-ZuSLS</subfield></datafield><datafield ind1=" " ind2="7" tag="072"><subfield code="a">ar</subfield><subfield code="2">rero</subfield></datafield><datafield ind1="1" ind2=" " tag="080"><subfield code="a">903&quot;634&quot;(4I)(085)</subfield></datafield><datafield ind1="0" ind2="0" tag="245"><subfield code="a">Simbolo ed enigma</subfield><subfield code="b">il bicchiere campaniforme e l'Italia nella preistoria europea del III millennio a.C. : catalogo</subfield><subfield code="c">a cura di Franco Nicolis e Elisabetta Mottes</subfield></datafield><datafield ind1=" " ind2="1" tag="264"><subfield code="a">Trento</subfield><subfield code="b">Provincia Autonoma di Trento, Servizio Beni Culturali, Ufficio Beni Archeologici</subfield><subfield code="c">1998</subfield></datafield><datafield ind1=" " ind2=" " tag="300"><subfield code="a">332 S.</subfield><subfield code="c">28 cm</subfield><subfield code="b">Ill., z.T. farb., Karte</subfield></datafield><datafield ind1=" " ind2=" " tag="336"><subfield code="b">sti</subfield><subfield code="2">rdacontent</subfield></datafield><datafield ind1=" " ind2=" " tag="336"><subfield code="b">txt</subfield><subfield code="2">rdacontent</subfield></datafield><datafield ind1=" " ind2=" " tag="337"><subfield code="b">n</subfield><subfield code="2">rdamedia</subfield></datafield><datafield ind1=" " ind2=" " tag="338"><subfield code="b">nc</subfield><subfield code="2">rdacarrier</subfield></datafield><datafield ind1=" " ind2=" " tag="500"><subfield code="a">Mostra &quot;Simbolo ed Enigma&quot;, La Rocca di Riva del Garda, 12 maggio - 30 settembre 1998</subfield></datafield><datafield ind1=" " ind2=" " tag="500"><subfield code="a">Exposition. Riva del Garda. Museo civico. 1998</subfield></datafield><datafield ind1=" " ind2=" " tag="520"><subfield code="a">Italien - Neolithikum - Wirtschaftsgeschichte</subfield><subfield code="5">ubs-Archäologie</subfield></datafield><datafield ind1=" " ind2="7" tag="650"><subfield code="a">ITALIEN (SÜDEUROPA). REPUBLIK ITALIEN</subfield><subfield code="9">ger</subfield><subfield code="0">(ETHUDK)000003602</subfield><subfield code="2">ethudk</subfield></datafield><datafield ind1=" " ind2="7" tag="650"><subfield code="a">NEOLITHIKUM (EPOCHEN)</subfield><subfield code="9">ger</subfield><subfield code="0">(ETHUDK)000008933</subfield><subfield code="2">ethudk</subfield></datafield><datafield ind1=" " ind2="7" tag="650"><subfield code="a">PUBLIKATIONEN ZU TEMPORÄREN AUSSTELLUNGEN</subfield><subfield code="9">ger</subfield><subfield code="0">(ETHUDK)000009298</subfield><subfield code="2">ethudk</subfield></datafield><datafield ind1=" " ind2="7" tag="650"><subfield code="a">VORGESCHICHTLICHE ARCHAEOLOGIE + VORGESCHICHTE</subfield><subfield code="9">ger</subfield><subfield code="0">(ETHUDK)000036570</subfield><subfield code="2">ethudk</subfield></datafield><datafield ind1=" " ind2="7" tag="650"><subfield code="a">Néolithique</subfield><subfield code="0">(IDREF)027476510</subfield><subfield code="2">idref</subfield></datafield><datafield ind1=" " ind2="7" tag="650"><subfield code="a">Archéologie</subfield><subfield code="0">(IDREF)02726971X</subfield><subfield code="2">idref</subfield></datafield><datafield ind1=" " ind2="7" tag="650"><subfield code="a">Culture des gobelets campaniformes</subfield><subfield code="0">(IDREF)02736464X</subfield><subfield code="2">idref</subfield></datafield><datafield ind1=" " ind2="7" tag="651"><subfield code="a">Italie</subfield><subfield code="0">(IDREF)027235408</subfield><subfield code="2">idref</subfield></datafield><datafield ind1=" " ind2="7" tag="651"><subfield code="a">Europe</subfield><subfield code="0">(IDREF)027224651</subfield><subfield code="2">idref</subfield></datafield><datafield ind1=" " ind2="7" tag="651"><subfield code="a">Trente (Italie ; province)</subfield><subfield code="0">(IDREF)027563782</subfield><subfield code="2">idref</subfield></datafield><datafield ind1=" " ind2="7" tag="655"><subfield code="a">Ausstellungskatalog</subfield><subfield code="2">gnd-content</subfield></datafield><datafield ind1=" " ind2="7" tag="655"><subfield code="a">Ausstellungskatalog</subfield><subfield code="z">Riva</subfield><subfield code="y">1998</subfield><subfield code="2">gnd-content</subfield></datafield><datafield ind1=" " ind2="7" tag="655"><subfield code="a">Ausstellungskatalog</subfield><subfield code="z">Riva del Garda</subfield><subfield code="y">1998</subfield><subfield code="2">gnd-content</subfield></datafield><datafield ind1=" " ind2="7" tag="655"><subfield code="a">Catalogues d'exposition</subfield><subfield code="0">(IDREF)027320456</subfield><subfield code="2">idref</subfield></datafield><datafield ind1="1" ind2=" " tag="700"><subfield code="a">Nicolis, Franco</subfield><subfield code="d">ca. 20./21. Jh.</subfield><subfield code="0">(DE-588)1184933715</subfield><subfield code="6">880-02</subfield></datafield><datafield ind1="1" ind2=" " tag="880"><subfield code="6">700-02</subfield><subfield code="a">Nicolis, Franco</subfield><subfield code="0">(IDREF)076338967</subfield></datafield><datafield ind1="2" ind2=" " tag="710"><subfield code="a">Museo civico di Riva del Garda</subfield><subfield code="0">(DE-588)810351-3</subfield></datafield><datafield ind1="2" ind2=" " tag="711"><subfield code="a">Mostra &quot;Simbolo ed Enigma&quot;</subfield><subfield code="d">1998</subfield><subfield code="c">Riva del Garda</subfield><subfield code="0">(DE-588)1091521476</subfield></datafield><datafield ind1=" " ind2=" " tag="900"><subfield code="a">REROnoselfmerge</subfield></datafield></record>
</metadata></record>