<record><header><identifier>oai:alma.41SLSP_UGE:991000788839705502</identifier><datestamp>2023-03-27T00:20:35Z</datestamp><setSpec>uge_bcen_RapidILL_BOOK</setSpec><setSpec>uge_aaca_RapidILL_BOOK</setSpec><setSpec>uge_abels_RapidILL_BOOK</setSpec><setSpec>uge_dbu_RapidILL_BOOK</setSpec><setSpec>uge_cmu_RapidILL_BOOK</setSpec><setSpec>uge_mail_RapidILL_BOOK</setSpec><setSpec>uge_abbat_RapidILL_BOOK</setSpec><setSpec>UNIGE_ALL</setSpec><setSpec>uge_aobs_RapidILL_BOOK</setSpec><setSpec>uge_acar_RapidILL_BOOK</setSpec></header><metadata>
<record xmlns="http://www.loc.gov/MARC21/slim" xmlns:xsi="http://www.w3.org/2001/XMLSchema-instance" xsi:schemaLocation="http://www.loc.gov/MARC21/slim http://www.loc.gov/standards/marcxml/schema/MARC21slim.xsd"><leader>02562nam a2200493 c 4500</leader><controlfield tag="001">991000788839705502</controlfield><controlfield tag="005">20230326210821.0</controlfield><controlfield tag="008">201011s2013    fr ||||| |||| 00| ||fre d</controlfield><datafield ind1=" " ind2=" " tag="010"><subfield code="a">2013479673</subfield></datafield><datafield ind1="7" ind2=" " tag="016"><subfield code="a">101644232</subfield><subfield code="2">DNLM</subfield></datafield><datafield ind1=" " ind2=" " tag="020"><subfield code="a">9782262035341</subfield></datafield><datafield ind1=" " ind2=" " tag="020"><subfield code="a">2262035342</subfield></datafield><datafield ind1="7" ind2=" " tag="024"><subfield code="a">http://catalogue.bnf.fr/ark:/12148/cb43765787c</subfield><subfield code="2">uri</subfield></datafield><datafield ind1=" " ind2=" " tag="035"><subfield code="a">(swissbib)216226260-41slsp_network</subfield></datafield><datafield ind1=" " ind2=" " tag="035"><subfield code="a">216226260</subfield><subfield code="9">ExL</subfield></datafield><datafield ind1=" " ind2=" " tag="035"><subfield code="a">(RERO)R007441887-41slsp</subfield></datafield><datafield ind1=" " ind2=" " tag="035"><subfield code="a">(IDSBB)006478042DSV01</subfield></datafield><datafield ind1=" " ind2=" " tag="035"><subfield code="a">(OCoLC)863312239</subfield></datafield><datafield ind1=" " ind2=" " tag="035"><subfield code="a">(EXLNZ-41SLSP_NETWORK)991008450309705501</subfield></datafield><datafield ind1=" " ind2=" " tag="040"><subfield code="a">RERO frbcuc</subfield><subfield code="d">CH-ZuSLS</subfield></datafield><datafield ind1="1" ind2="0" tag="060"><subfield code="a">WH 100</subfield></datafield><datafield ind1=" " ind2="7" tag="072"><subfield code="a">me</subfield><subfield code="2">rero</subfield></datafield><datafield ind1=" " ind2="7" tag="072"><subfield code="a">hg</subfield><subfield code="2">rero</subfield></datafield><datafield ind1="1" ind2="4" tag="082"><subfield code="a">574</subfield></datafield><datafield ind1="1" ind2=" " tag="100"><subfield code="a">Tobelem, Gérard</subfield><subfield code="d">1947-....</subfield><subfield code="0">(IDREF)027164578</subfield><subfield code="4">cre</subfield></datafield><datafield ind1="1" ind2="0" tag="245"><subfield code="a">Histoires du sang</subfield><subfield code="c">Gérard Tobelem</subfield></datafield><datafield ind1=" " ind2="1" tag="264"><subfield code="a">Paris</subfield><subfield code="b">Perrin</subfield><subfield code="c">[2013]</subfield></datafield><datafield ind1=" " ind2=" " tag="300"><subfield code="a">383 Seiten</subfield><subfield code="c">24 cm</subfield></datafield><datafield ind1=" " ind2=" " tag="336"><subfield code="b">txt</subfield><subfield code="2">rdacontent</subfield></datafield><datafield ind1=" " ind2=" " tag="337"><subfield code="b">n</subfield><subfield code="2">rdamedia</subfield></datafield><datafield ind1=" " ind2=" " tag="338"><subfield code="b">nc</subfield><subfield code="2">rdacarrier</subfield></datafield><datafield ind1="0" ind2=" " tag="490"><subfield code="a">Synthèses historiques</subfield></datafield><datafield ind1=" " ind2=" " tag="504"><subfield code="a">Includes bibliographical references</subfield></datafield><datafield ind1="8" ind2=" " tag="520"><subfield code="a">Vecteur de vie, signe de mort, le sang raconte l'histoire des hommes. Sang des sacrifices, sang des blessures de chasse ou de guerre, sang des femmes, sang sacré : le sang a, de tout temps, intrigué et fasciné. Vital ou maléfique, il a été la source d'inspiration de très nombreux mythes et symboles. Assimilé au poison, justifiant les saignées jusqu'à la déraison, il fut ensuite remède, engendrant la grande idée de la transfusion. Des premières tentatives au XVIIe jusqu'à la fin du XIXe siècle, la transfusion connut bien des ratés tragiques. C'est dans les guerres du XXe siècle que se sont forgés les progrès qui allaient bouleverser la médecine. Au coeur de questions de société cruciales depuis les années 1980 - le virus du sida et les scandales du sang contaminé -, il est aujourd'hui un enjeu économique mondial et une ressource de plus en plus chère. Gérard Tobelem nous invite à un passionnant voyage à la fois scientifique, anecdotique et symbolique, qui n'a pas d'équivalent</subfield><subfield code="5">RERO/laiuhm/10.2014</subfield></datafield><datafield ind1=" " ind2="7" tag="650"><subfield code="a">Sang</subfield><subfield code="0">(IDREF)027271234</subfield><subfield code="2">idref</subfield></datafield><datafield ind1=" " ind2="7" tag="650"><subfield code="a">Médecine</subfield><subfield code="0">(IDREF)027887693</subfield><subfield code="2">idref</subfield></datafield><datafield ind1=" " ind2="7" tag="650"><subfield code="a">Culture</subfield><subfield code="x">Histoire</subfield><subfield code="0">(IDREF)156661632</subfield><subfield code="2">idref</subfield></datafield><datafield ind1=" " ind2="0" tag="650"><subfield code="a">Blood</subfield><subfield code="x">History</subfield></datafield><datafield ind1=" " ind2="0" tag="650"><subfield code="a">Blood</subfield><subfield code="x">Social aspects</subfield></datafield><datafield ind1=" " ind2="7" tag="650"><subfield code="a">Blood</subfield><subfield code="2">fast</subfield></datafield><datafield ind1=" " ind2="7" tag="650"><subfield code="a">Blood</subfield><subfield code="x">Social aspects</subfield><subfield code="2">fast</subfield></datafield><datafield ind1=" " ind2="2" tag="650"><subfield code="a">Blood Physiological Phenomena</subfield><subfield code="0">(DNLM)D001790</subfield></datafield><datafield ind1=" " ind2="2" tag="650"><subfield code="a">Blood Transfusion</subfield><subfield code="x">history</subfield><subfield code="0">(DNLM)D001803Q000266</subfield></datafield><datafield ind1=" " ind2="7" tag="655"><subfield code="a">History</subfield><subfield code="2">fast</subfield></datafield><datafield ind1=" " ind2=" " tag="900"><subfield code="a">REROnoselfmerge</subfield></datafield></record>
</metadata></record>