<record><header><identifier>oai:alma.41SLSP_UGE:991000788939705502</identifier><datestamp>2023-03-01T01:10:08Z</datestamp><setSpec>uge_bcen_RapidILL_BOOK</setSpec><setSpec>uge_aaca_RapidILL_BOOK</setSpec><setSpec>uge_abels_RapidILL_BOOK</setSpec><setSpec>uge_dbu_RapidILL_BOOK</setSpec><setSpec>uge_cmu_RapidILL_BOOK</setSpec><setSpec>uge_mail_RapidILL_BOOK</setSpec><setSpec>UNIGE_ALL</setSpec><setSpec>uge_abbat_RapidILL_BOOK</setSpec><setSpec>uge_aobs_RapidILL_BOOK</setSpec><setSpec>uge_acar_RapidILL_BOOK</setSpec></header><metadata>
<record xmlns="http://www.loc.gov/MARC21/slim" xmlns:xsi="http://www.w3.org/2001/XMLSchema-instance" xsi:schemaLocation="http://www.loc.gov/MARC21/slim http://www.loc.gov/standards/marcxml/schema/MARC21slim.xsd"><leader>01327nam a2200349 c 4500</leader><controlfield tag="001">991000788939705502</controlfield><controlfield tag="005">20201225192428.0</controlfield><controlfield tag="008">000923s1983    fr ||||| |||| 00| ||fre d</controlfield><datafield ind1=" " ind2=" " tag="020"><subfield code="a">2204020214</subfield></datafield><datafield ind1="7" ind2=" " tag="024"><subfield code="a">http://catalogue.bnf.fr/ark:/12148/cb34739568x</subfield><subfield code="2">uri</subfield></datafield><datafield ind1=" " ind2=" " tag="035"><subfield code="a">(swissbib)082435723-41slsp_network</subfield></datafield><datafield ind1=" " ind2=" " tag="035"><subfield code="a">082435723</subfield><subfield code="9">ExL</subfield></datafield><datafield ind1=" " ind2=" " tag="035"><subfield code="a">(RERO)0934537-41slsp</subfield></datafield><datafield ind1=" " ind2=" " tag="035"><subfield code="a">(EXLNZ-41SLSP_NETWORK)991154707499705501</subfield></datafield><datafield ind1=" " ind2=" " tag="040"><subfield code="a">RERO neubfl</subfield><subfield code="d">CH-ZuSLS</subfield></datafield><datafield ind1="1" ind2=" " tag="041"><subfield code="a">fre</subfield><subfield code="h">grc</subfield></datafield><datafield ind1=" " ind2="7" tag="072"><subfield code="a">th</subfield><subfield code="2">rero</subfield></datafield><datafield ind1="1" ind2=" " tag="080"><subfield code="a">875CLEME7Pae</subfield></datafield><datafield ind1="1" ind2=" " tag="100"><subfield code="a">Clément d'Alexandrie</subfield><subfield code="d">0150?-021.?</subfield><subfield code="0">(IDREF)026791145</subfield><subfield code="4">cre</subfield></datafield><datafield ind1="1" ind2="0" tag="245"><subfield code="a">&lt;&lt;Le&gt;&gt; Pédagogue</subfield><subfield code="c">Clément d'Alexandrie ; introd. et notes de Henri-Irénée Marrou ... [et al.].</subfield><subfield code="n">Livre 1 / Introd. et notes de Henri-Irénée Marrou ; trad. de Marguerite Harl</subfield></datafield><datafield ind1=" " ind2=" " tag="250"><subfield code="a">Nouveau tirage</subfield></datafield><datafield ind1=" " ind2="1" tag="264"><subfield code="a">Paris</subfield><subfield code="b">Ed. du Cerf</subfield><subfield code="c">1983</subfield></datafield><datafield ind1=" " ind2=" " tag="300"><subfield code="a">298 p.</subfield><subfield code="c">20 cm</subfield></datafield><datafield ind1=" " ind2=" " tag="336"><subfield code="b">txt</subfield><subfield code="2">rdacontent</subfield></datafield><datafield ind1=" " ind2=" " tag="337"><subfield code="b">n</subfield><subfield code="2">rdamedia</subfield></datafield><datafield ind1=" " ind2=" " tag="338"><subfield code="b">nc</subfield><subfield code="2">rdacarrier</subfield></datafield><datafield ind1="1" ind2=" " tag="490"><subfield code="a">Sources chrétiennes</subfield><subfield code="v">no 70</subfield></datafield><datafield ind1=" " ind2="0" tag="650"><subfield code="a">Christian literature, Early</subfield><subfield code="x">Greek authors</subfield><subfield code="v">Translations into French</subfield></datafield><datafield ind1=" " ind2="0" tag="650"><subfield code="a">Fathers of the church, Greek</subfield></datafield><datafield ind1="1" ind2=" " tag="700"><subfield code="a">Harl, Marguerite</subfield><subfield code="0">(RERO)A003348303</subfield></datafield><datafield ind1="1" ind2=" " tag="800"><subfield code="a">Clemens, Titus Flavius</subfield><subfield code="c">Alexandrinus</subfield><subfield code="t">&lt;&lt;Le&gt;&gt; Pédagogue</subfield><subfield code="v">1</subfield></datafield><datafield ind1=" " ind2=" " tag="830"><subfield code="a">Sources chrétiennes</subfield><subfield code="v">70</subfield><subfield code="w">(RERO)0004377-41slsp</subfield></datafield><datafield ind1=" " ind2=" " tag="900"><subfield code="a">REROnoselfmerge</subfield></datafield></record>
</metadata></record>