<record><header><identifier>oai:alma.41SLSP_UGE:991000788629705502</identifier><datestamp>2023-03-28T00:10:56Z</datestamp><setSpec>uge_bcen_RapidILL_BOOK</setSpec><setSpec>uge_aaca_RapidILL_BOOK</setSpec><setSpec>uge_abels_RapidILL_BOOK</setSpec><setSpec>uge_dbu_RapidILL_BOOK</setSpec><setSpec>uge_cmu_RapidILL_BOOK</setSpec><setSpec>uge_mail_RapidILL_BOOK</setSpec><setSpec>uge_abbat_RapidILL_BOOK</setSpec><setSpec>UNIGE_ALL</setSpec><setSpec>uge_aobs_RapidILL_BOOK</setSpec><setSpec>uge_acar_RapidILL_BOOK</setSpec></header><metadata>
<record xmlns="http://www.loc.gov/MARC21/slim" xmlns:xsi="http://www.w3.org/2001/XMLSchema-instance" xsi:schemaLocation="http://www.loc.gov/MARC21/slim http://www.loc.gov/standards/marcxml/schema/MARC21slim.xsd"><leader>01119nam a2200301 c 4500</leader><controlfield tag="001">991000788629705502</controlfield><controlfield tag="005">20230327184218.0</controlfield><controlfield tag="008">960525m19631964fr ||||| |||| 00| ||fre d</controlfield><datafield ind1=" " ind2=" " tag="035"><subfield code="a">(swissbib)076491137-41slsp_network</subfield></datafield><datafield ind1=" " ind2=" " tag="035"><subfield code="a">076491137</subfield><subfield code="9">ExL</subfield></datafield><datafield ind1=" " ind2=" " tag="035"><subfield code="a">(RERO)0013512-41slsp</subfield></datafield><datafield ind1=" " ind2=" " tag="035"><subfield code="a">(EXLNZ-41SLSP_NETWORK)991059873449705501</subfield></datafield><datafield ind1=" " ind2=" " tag="040"><subfield code="a">RERO</subfield><subfield code="d">CH-ZuSLS</subfield></datafield><datafield ind1=" " ind2="7" tag="072"><subfield code="a">ru</subfield><subfield code="2">rero</subfield></datafield><datafield ind1="1" ind2=" " tag="100"><subfield code="a">Vaillant, André</subfield><subfield code="d">1890-1977</subfield><subfield code="0">(IDREF)027173623</subfield><subfield code="4">cre</subfield></datafield><datafield ind1="1" ind2="0" tag="245"><subfield code="a">Manuel du vieux slave</subfield><subfield code="c">par André Vaillant</subfield></datafield><datafield ind1=" " ind2=" " tag="250"><subfield code="a">2e éd. revue et augmentée</subfield></datafield><datafield ind1=" " ind2="1" tag="264"><subfield code="a">Paris</subfield><subfield code="b">Institut d'études slaves</subfield><subfield code="c">1963-1964</subfield></datafield><datafield ind1=" " ind2=" " tag="300"><subfield code="a">2 vol.</subfield><subfield code="c">25 cm</subfield></datafield><datafield ind1=" " ind2=" " tag="336"><subfield code="b">txt</subfield><subfield code="2">rdacontent</subfield></datafield><datafield ind1=" " ind2=" " tag="337"><subfield code="b">n</subfield><subfield code="2">rdamedia</subfield></datafield><datafield ind1=" " ind2=" " tag="338"><subfield code="b">nc</subfield><subfield code="2">rdacarrier</subfield></datafield><datafield ind1="1" ind2=" " tag="490"><subfield code="a">Collection de manuels publiés par l'Institut d'Etudes slaves</subfield><subfield code="v">6</subfield></datafield><datafield ind1="0" ind2="0" tag="505"><subfield code="g">T. 1:</subfield><subfield code="t">Grammaire. - 1964. - 389 p</subfield></datafield><datafield ind1="0" ind2="0" tag="505"><subfield code="g">T. 2:</subfield><subfield code="t">Textes et glossaire. - 1963. - 125 p</subfield></datafield><datafield ind1=" " ind2="7" tag="650"><subfield code="a">Slavon (langue)</subfield><subfield code="0">(IDREF)027248887</subfield><subfield code="2">idref</subfield></datafield><datafield ind1=" " ind2="7" tag="655"><subfield code="a">Manuels d'enseignement</subfield><subfield code="0">(IDREF)027446514</subfield><subfield code="2">idref</subfield></datafield><datafield ind1=" " ind2=" " tag="830"><subfield code="a">Collection de Manuels Publiée par l'Institut d'Études Slaves</subfield><subfield code="v">6</subfield><subfield code="w">(RERO)0013511-41slsp</subfield></datafield><datafield ind1=" " ind2=" " tag="900"><subfield code="a">REROnoselfmerge</subfield></datafield></record>
</metadata></record>