<record><header><identifier>oai:alma.41SLSP_UGE:991000768009705502</identifier><datestamp>2023-03-01T01:10:08Z</datestamp><setSpec>uge_bcen_RapidILL_BOOK</setSpec><setSpec>uge_aaca_RapidILL_BOOK</setSpec><setSpec>uge_abels_RapidILL_BOOK</setSpec><setSpec>uge_dbu_RapidILL_BOOK</setSpec><setSpec>uge_cmu_RapidILL_BOOK</setSpec><setSpec>uge_mail_RapidILL_BOOK</setSpec><setSpec>UNIGE_ALL</setSpec><setSpec>uge_abbat_RapidILL_BOOK</setSpec><setSpec>uge_acar_RapidILL_BOOK</setSpec><setSpec>uge_aobs_RapidILL_BOOK</setSpec></header><metadata>
<record xmlns="http://www.loc.gov/MARC21/slim" xmlns:xsi="http://www.w3.org/2001/XMLSchema-instance" xsi:schemaLocation="http://www.loc.gov/MARC21/slim http://www.loc.gov/standards/marcxml/schema/MARC21slim.xsd"><leader>01384nam a2200361 c 4500</leader><controlfield tag="001">991000768009705502</controlfield><controlfield tag="005">20230207213228.0</controlfield><controlfield tag="008">910107s1990    sz ||||| |||| 00| ||fre d</controlfield><datafield ind1=" " ind2=" " tag="035"><subfield code="a">(swissbib)085219789-41slsp_network</subfield></datafield><datafield ind1=" " ind2=" " tag="035"><subfield code="a">085219789</subfield><subfield code="9">ExL</subfield></datafield><datafield ind1=" " ind2=" " tag="035"><subfield code="a">(RERO)1325963-41slsp</subfield></datafield><datafield ind1=" " ind2=" " tag="035"><subfield code="a">(EXLNZ-41SLSP_NETWORK)991156701139705501</subfield></datafield><datafield ind1=" " ind2=" " tag="040"><subfield code="a">RERO neuses</subfield><subfield code="d">CH-ZuSLS</subfield></datafield><datafield ind1=" " ind2=" " tag="044"><subfield code="a">sz</subfield><subfield code="c">ch-vd</subfield></datafield><datafield ind1=" " ind2="7" tag="072"><subfield code="a">se</subfield><subfield code="2">rero</subfield></datafield><datafield ind1=" " ind2=" " tag="084"><subfield code="a">CA/CH 54 a</subfield><subfield code="2">cjurrom</subfield></datafield><datafield ind1="1" ind2=" " tag="100"><subfield code="a">Cornu, Jean-Daniel</subfield><subfield code="0">(RERO)A003136248</subfield><subfield code="4">cre</subfield></datafield><datafield ind1="1" ind2="0" tag="245"><subfield code="a">&lt;&lt;Les&gt;&gt; impôts dans les cantons romands et au Tessin</subfield><subfield code="c">[étude réalisée par Jean-Daniel Cornu et Robert Delvigne]</subfield></datafield><datafield ind1=" " ind2="1" tag="264"><subfield code="a">Lausanne</subfield><subfield code="b">Banque cantonale vaudoise</subfield><subfield code="c">[1990]</subfield></datafield><datafield ind1=" " ind2="4" tag="264"><subfield code="c">© 1990</subfield></datafield><datafield ind1=" " ind2=" " tag="300"><subfield code="a">31 p.</subfield><subfield code="b">ill.</subfield><subfield code="c">21 cm</subfield></datafield><datafield ind1=" " ind2=" " tag="336"><subfield code="b">txt</subfield><subfield code="2">rdacontent</subfield></datafield><datafield ind1=" " ind2=" " tag="337"><subfield code="b">n</subfield><subfield code="2">rdamedia</subfield></datafield><datafield ind1=" " ind2=" " tag="338"><subfield code="b">nc</subfield><subfield code="2">rdacarrier</subfield></datafield><datafield ind1="1" ind2=" " tag="490"><subfield code="a">Informations BCV</subfield></datafield><datafield ind1="8" ind2=" " tag="520"><subfield code="a">Analyse: Présente sous la forme de tableaux comparatifs, l'imposition fiscale dans les cantons romands, à Berne et au Tessin.</subfield><subfield code="5">RERO/27.05.1992/labcur/cgi</subfield></datafield><datafield ind1=" " ind2="7" tag="650"><subfield code="a">Impôt</subfield><subfield code="0">(IDREF)027261956</subfield><subfield code="2">idref</subfield></datafield><datafield ind1=" " ind2="7" tag="650"><subfield code="a">1990</subfield><subfield code="2">rero</subfield></datafield><datafield ind1=" " ind2="7" tag="651"><subfield code="a">Suisse romande</subfield><subfield code="0">(IDREF)027437221</subfield><subfield code="2">idref</subfield></datafield><datafield ind1=" " ind2="7" tag="651"><subfield code="a">Tessin (Suisse)</subfield><subfield code="0">(IDREF)027264424</subfield><subfield code="2">idref</subfield></datafield><datafield ind1="1" ind2=" " tag="700"><subfield code="a">Delvigne, Robert</subfield><subfield code="0">(RERO)A003167920</subfield></datafield><datafield ind1="2" ind2=" " tag="710"><subfield code="a">Banque cantonale vaudoise (Suisse)</subfield><subfield code="0">(IDREF)134037235</subfield></datafield><datafield ind1=" " ind2="0" tag="830"><subfield code="a">Informations BCV</subfield><subfield code="w">(RERO)1325944-41slsp</subfield></datafield><datafield ind1=" " ind2=" " tag="900"><subfield code="a">REROnoselfmerge</subfield></datafield></record>
</metadata></record>