<record><header><identifier>oai:alma.41SLSP_UGE:991000767799705502</identifier><datestamp>2024-09-15T00:07:22Z</datestamp><setSpec>uge_bcen_RapidILL_BOOK</setSpec><setSpec>uge_aaca_RapidILL_BOOK</setSpec><setSpec>uge_abels_RapidILL_BOOK</setSpec><setSpec>uge_dbu_RapidILL_BOOK</setSpec><setSpec>uge_cmu_RapidILL_BOOK</setSpec><setSpec>uge_mail_RapidILL_BOOK</setSpec><setSpec>UNIGE_ALL</setSpec><setSpec>uge_abbat_RapidILL_BOOK</setSpec><setSpec>uge_aobs_RapidILL_BOOK</setSpec><setSpec>uge_acar_RapidILL_BOOK</setSpec></header><metadata>
<record xmlns="http://www.loc.gov/MARC21/slim" xmlns:xsi="http://www.w3.org/2001/XMLSchema-instance" xsi:schemaLocation="http://www.loc.gov/MARC21/slim http://www.loc.gov/standards/marcxml/schema/MARC21slim.xsd"><leader>01810nam a2200409 c 4500</leader><controlfield tag="001">991000767799705502</controlfield><controlfield tag="005">20201231134031.0</controlfield><controlfield tag="008">201012s1991    fr ||||| |||| 00| ||fre d</controlfield><datafield ind1=" " ind2=" " tag="020"><subfield code="a">2902301197</subfield><subfield code="q">pbk.</subfield></datafield><datafield ind1=" " ind2=" " tag="035"><subfield code="a">(swissbib)23411987X-41slsp_network</subfield></datafield><datafield ind1=" " ind2=" " tag="035"><subfield code="a">23411987X</subfield><subfield code="9">ExL</subfield></datafield><datafield ind1=" " ind2=" " tag="035"><subfield code="a">(RERO)1498551-41slsp</subfield></datafield><datafield ind1=" " ind2=" " tag="035"><subfield code="a">(NEBIS)009222124EBI01</subfield></datafield><datafield ind1=" " ind2=" " tag="035"><subfield code="a">(EXLNZ-41SLSP_NETWORK)991152738639705501</subfield></datafield><datafield ind1=" " ind2=" " tag="040"><subfield code="a">RERO gevbpu</subfield><subfield code="d">CH-ZuSLS</subfield></datafield><datafield ind1=" " ind2="7" tag="072"><subfield code="a">fr</subfield><subfield code="2">rero</subfield></datafield><datafield ind1="1" ind2=" " tag="100"><subfield code="a">Fleuriot, Jean-Marie-Jérôme</subfield><subfield code="d">1749-1807</subfield><subfield code="0">(IDREF)030042143</subfield><subfield code="4">cre</subfield></datafield><datafield ind1="1" ind2="0" tag="245"><subfield code="a">Voyage de Figaro en Espagne</subfield><subfield code="c">Fleuriot de Langle ; présenté et annoté par Robert Favre</subfield></datafield><datafield ind1=" " ind2="1" tag="264"><subfield code="a">Saint-Etienne</subfield><subfield code="b">Publ. de l'Université de Saint-Etienne</subfield><subfield code="c">1991</subfield></datafield><datafield ind1=" " ind2=" " tag="300"><subfield code="a">105 p.</subfield><subfield code="c">24 cm</subfield></datafield><datafield ind1=" " ind2=" " tag="336"><subfield code="b">txt</subfield><subfield code="2">rdacontent</subfield></datafield><datafield ind1=" " ind2=" " tag="337"><subfield code="b">n</subfield><subfield code="2">rdamedia</subfield></datafield><datafield ind1=" " ind2=" " tag="338"><subfield code="b">nc</subfield><subfield code="2">rdacarrier</subfield></datafield><datafield ind1="1" ind2=" " tag="490"><subfield code="a">Lire le dix-huitième siècle</subfield><subfield code="v">no 4</subfield></datafield><datafield ind1=" " ind2=" " tag="500"><subfield code="a">En tête de la page de titre: Société française d'étude du XVIIIe siècle</subfield></datafield><datafield ind1=" " ind2=" " tag="500"><subfield code="a">Am Kopf der Titelseite: Société française d'étude du XVIIIe siècle</subfield></datafield><datafield ind1=" " ind2=" " tag="504"><subfield code="a">Bibliogr.: p. 73-76</subfield></datafield><datafield ind1=" " ind2="7" tag="650"><subfield code="a">18e siècle (fin)</subfield><subfield code="0">(RERO)A022441772</subfield><subfield code="2">rero</subfield></datafield><datafield ind1=" " ind2="7" tag="650"><subfield code="a">Spanien</subfield><subfield code="g">Motiv</subfield><subfield code="0">(DE-588)4130952-2</subfield><subfield code="2">gnd</subfield></datafield><datafield ind1=" " ind2="7" tag="650"><subfield code="a">Reiseroman</subfield><subfield code="0">(DE-588)4177616-1</subfield><subfield code="2">gnd</subfield></datafield><datafield ind1=" " ind2="7" tag="651"><subfield code="a">Espagne</subfield><subfield code="0">(IDREF)027224406</subfield><subfield code="2">idref</subfield></datafield><datafield ind1=" " ind2="7" tag="655"><subfield code="a">[document]</subfield><subfield code="2">rerovoc</subfield><subfield code="0">(RERO)A010182398</subfield></datafield><datafield ind1="1" ind2=" " tag="700"><subfield code="a">Langle, Paul Antoine Marie Fleuriot &lt;&lt;de&gt;&gt;</subfield><subfield code="d">1744-1787</subfield><subfield code="0">(DE-588)117594253</subfield></datafield><datafield ind1="1" ind2=" " tag="700"><subfield code="a">Favre, Robert</subfield><subfield code="d">1927-2010</subfield><subfield code="0">(IDREF)026860104</subfield></datafield><datafield ind1="2" ind2=" " tag="710"><subfield code="a">Société Française d'Etude du Dix-Huitième Siècle</subfield><subfield code="0">(DE-588)41187-5</subfield></datafield><datafield ind1=" " ind2=" " tag="830"><subfield code="a">Lire le Dix-huitième Siècle</subfield><subfield code="v">4</subfield><subfield code="w">(NEBIS)001570199EBI01</subfield></datafield><datafield ind1=" " ind2=" " tag="830"><subfield code="a">Lire le dix-huitième siècle</subfield><subfield code="p">Société française d'étude du XVIIIe siècle</subfield><subfield code="v">4</subfield><subfield code="w">(RERO)1392740-41slsp</subfield></datafield><datafield ind1=" " ind2=" " tag="900"><subfield code="a">REROnoselfmerge</subfield></datafield></record>
</metadata></record>