<record><header><identifier>oai:alma.41SLSP_UGE:991000788009705502</identifier><datestamp>2023-06-06T00:10:33Z</datestamp><setSpec>UNIGE_ALL</setSpec></header><metadata>
<record xmlns="http://www.loc.gov/MARC21/slim" xmlns:xsi="http://www.w3.org/2001/XMLSchema-instance" xsi:schemaLocation="http://www.loc.gov/MARC21/slim http://www.loc.gov/standards/marcxml/schema/MARC21slim.xsd"><leader>02086ngm a2200397 c 4500</leader><controlfield tag="001">991000788009705502</controlfield><controlfield tag="005">20230605204913.0</controlfield><controlfield tag="007">vd |v||||</controlfield><controlfield tag="008">180703s2018    sz ||| |          v|gsw d</controlfield><datafield ind1="4" ind2="2" tag="028"><subfield code="a">7611719441188</subfield></datafield><datafield ind1=" " ind2=" " tag="035"><subfield code="a">(swissbib)124917682-41slsp_network</subfield></datafield><datafield ind1=" " ind2=" " tag="035"><subfield code="a">124917682</subfield><subfield code="9">ExL</subfield></datafield><datafield ind1=" " ind2=" " tag="035"><subfield code="a">(RERO)R008816596-41slsp</subfield></datafield><datafield ind1=" " ind2=" " tag="035"><subfield code="a">(EXLNZ-41SLSP_NETWORK)991003658019705501</subfield></datafield><datafield ind1=" " ind2=" " tag="040"><subfield code="a">RERO geumem</subfield><subfield code="d">CH-ZuSLS</subfield></datafield><datafield ind1="1" ind2=" " tag="041"><subfield code="a">eng</subfield><subfield code="a">fre</subfield><subfield code="a">ger</subfield><subfield code="a">gsw</subfield><subfield code="h">ger</subfield><subfield code="h">gsw</subfield></datafield><datafield ind1=" " ind2=" " tag="044"><subfield code="a">sz</subfield><subfield code="c">ch-bs</subfield></datafield><datafield ind1=" " ind2="7" tag="072"><subfield code="a">se</subfield><subfield code="2">rero</subfield></datafield><datafield ind1="0" ind2="0" tag="245"><subfield code="a">Hors circuit</subfield><subfield code="b">vivre après le burnout = Out of the game : life after burnout = Weg vom Fenster : Leben nach dem Burnout</subfield><subfield code="c">écrit et réal. par Sören Senn</subfield></datafield><datafield ind1="1" ind2=" " tag="246"><subfield code="a">Out of the game</subfield><subfield code="b">life after burnout</subfield></datafield><datafield ind1="1" ind2=" " tag="246"><subfield code="a">Weg vom Fenster</subfield><subfield code="b">Leben nach dem Burnout</subfield></datafield><datafield ind1=" " ind2="1" tag="264"><subfield code="a">[Bâle]</subfield><subfield code="b">Cineworx GmbH</subfield><subfield code="c">2018</subfield></datafield><datafield ind1=" " ind2=" " tag="300"><subfield code="a">1 DVD-vidéo</subfield></datafield><datafield ind1=" " ind2=" " tag="336"><subfield code="b">tdi</subfield><subfield code="2">rdacontent</subfield></datafield><datafield ind1=" " ind2=" " tag="337"><subfield code="b">v</subfield><subfield code="2">rdamedia</subfield></datafield><datafield ind1=" " ind2=" " tag="338"><subfield code="b">vd</subfield><subfield code="2">rdacarrier</subfield></datafield><datafield ind1=" " ind2=" " tag="500"><subfield code="a">Durée du film : 1h06 min.</subfield></datafield><datafield ind1=" " ind2=" " tag="500"><subfield code="a">Choix de langues : suisse-allemand/allemand. Choix de sous-titres : français, anglais, allemand</subfield></datafield><datafield ind1=" " ind2=" " tag="500"><subfield code="a">Une prod. Cineworx Filmprod. GmbH, cop. 2017</subfield></datafield><datafield ind1="0" ind2=" " tag="505"><subfield code="a">Extras : Bande-annonce</subfield></datafield><datafield ind1="8" ind2=" " tag="520"><subfield code="a">&quot;Chute brutale d'un homme à succès dans l'incapacité de travailler. Diagnostic du psychiatre: &quot;dépression d'épuisement&quot;, mieux connue sous le nom de &quot;burnout&quot;. Mais c'est finalement le temps après l'effondrement qui se révèle bienplus sournois, comme nous le montre l'histoire de Matthias N.: pendant les deux ans de son processus de guérison, l'ancien manager a rencontré, par pure crainte de retomber dans l'échec professionnel, de nouveau petits &quot;burnouts&quot;. Sera-t-il capable de se réorienter dans le monde du travail ? Et si oui, dans lequel ?&quot;</subfield><subfield code="5">RERO/geumem/09.2018</subfield></datafield><datafield ind1=" " ind2="7" tag="650"><subfield code="a">Épuisement professionnel</subfield><subfield code="0">(IDREF)027882101</subfield><subfield code="2">idref</subfield></datafield><datafield ind1=" " ind2="7" tag="650"><subfield code="a">Dépression</subfield><subfield code="0">(IDREF)027231828</subfield><subfield code="2">idref</subfield></datafield><datafield ind1=" " ind2="7" tag="650"><subfield code="a">Stress lié au travail</subfield><subfield code="0">(IDREF)027738019</subfield><subfield code="2">idref</subfield></datafield><datafield ind1=" " ind2="7" tag="650"><subfield code="a">Reprise du travail</subfield><subfield code="0">(IDREF)035754974</subfield><subfield code="2">idref</subfield></datafield><datafield ind1=" " ind2="7" tag="655"><subfield code="a">DVD</subfield><subfield code="0">(IDREF)035108444</subfield><subfield code="2">idref</subfield></datafield><datafield ind1="1" ind2=" " tag="700"><subfield code="a">Senn, Sören</subfield><subfield code="0">(RERO)A027591524</subfield></datafield></record>
</metadata></record>