<record><header><identifier>oai:alma.41SLSP_UGE:991000768109705502</identifier><datestamp>2023-04-09T00:39:08Z</datestamp><setSpec>uge_bcen_RapidILL_BOOK</setSpec><setSpec>uge_aaca_RapidILL_BOOK</setSpec><setSpec>uge_abels_RapidILL_BOOK</setSpec><setSpec>uge_dbu_RapidILL_BOOK</setSpec><setSpec>uge_cmu_RapidILL_BOOK</setSpec><setSpec>uge_mail_RapidILL_BOOK</setSpec><setSpec>UNIGE_ALL</setSpec><setSpec>uge_abbat_RapidILL_BOOK</setSpec><setSpec>uge_acar_RapidILL_BOOK</setSpec><setSpec>uge_aobs_RapidILL_BOOK</setSpec></header><metadata>
<record xmlns="http://www.loc.gov/MARC21/slim" xmlns:xsi="http://www.w3.org/2001/XMLSchema-instance" xsi:schemaLocation="http://www.loc.gov/MARC21/slim http://www.loc.gov/standards/marcxml/schema/MARC21slim.xsd"><leader>01111nam a2200325 c 4500</leader><controlfield tag="001">991000768109705502</controlfield><controlfield tag="005">20230407193103.0</controlfield><controlfield tag="008">020910s2002    ne ||||| |||| 10| ||eng d</controlfield><datafield ind1=" " ind2=" " tag="020"><subfield code="a">9042014989</subfield><subfield code="q">bound</subfield></datafield><datafield ind1=" " ind2=" " tag="035"><subfield code="a">(swissbib)098144103-41slsp_network</subfield></datafield><datafield ind1=" " ind2=" " tag="035"><subfield code="a">098144103</subfield><subfield code="9">ExL</subfield></datafield><datafield ind1=" " ind2=" " tag="035"><subfield code="a">(RERO)R003237958-41slsp</subfield></datafield><datafield ind1=" " ind2=" " tag="035"><subfield code="a">(EXLNZ-41SLSP_NETWORK)991075389199705501</subfield></datafield><datafield ind1=" " ind2=" " tag="040"><subfield code="a">RERO geulan</subfield><subfield code="d">CH-ZuSLS</subfield></datafield><datafield ind1=" " ind2="7" tag="072"><subfield code="a">an</subfield><subfield code="2">rero</subfield></datafield><datafield ind1="1" ind2=" " tag="100"><subfield code="a">Strongman,  Luke</subfield><subfield code="0">(IDREF)075611651</subfield><subfield code="4">cre</subfield></datafield><datafield ind1="1" ind2="0" tag="245"><subfield code="a">&lt;&lt;The&gt;&gt; Booker Prize and the legacy of empire</subfield><subfield code="c">Luke Strongman</subfield></datafield><datafield ind1=" " ind2="1" tag="264"><subfield code="a">Amsterdam</subfield><subfield code="a">Atlanta Ga.</subfield><subfield code="b">Rodopi</subfield><subfield code="c">[2002]</subfield></datafield><datafield ind1=" " ind2="4" tag="264"><subfield code="c">© 2002</subfield></datafield><datafield ind1=" " ind2=" " tag="300"><subfield code="a">XXI, 252 p.</subfield><subfield code="c">24 cm</subfield></datafield><datafield ind1=" " ind2=" " tag="336"><subfield code="b">txt</subfield><subfield code="2">rdacontent</subfield></datafield><datafield ind1=" " ind2=" " tag="337"><subfield code="b">n</subfield><subfield code="2">rdamedia</subfield></datafield><datafield ind1=" " ind2=" " tag="338"><subfield code="b">nc</subfield><subfield code="2">rdacarrier</subfield></datafield><datafield ind1="1" ind2=" " tag="490"><subfield code="a">Cross/cultures</subfield><subfield code="v">54</subfield></datafield><datafield ind1="2" ind2="7" tag="611"><subfield code="a">Booker Prize</subfield><subfield code="0">(RERO)A010223375</subfield><subfield code="2">rero</subfield></datafield><datafield ind1=" " ind2="7" tag="650"><subfield code="a">Impérialisme</subfield><subfield code="0">(IDREF)027234312</subfield><subfield code="2">idref</subfield></datafield><datafield ind1=" " ind2="7" tag="650"><subfield code="a">20e siècle (2e moitié)</subfield><subfield code="0">(RERO)A022488830</subfield><subfield code="2">rero</subfield></datafield><datafield ind1=" " ind2="7" tag="650"><subfield code="a">Postcolonialisme</subfield><subfield code="0">(IDREF)050530127</subfield><subfield code="2">idref</subfield></datafield><datafield ind1=" " ind2="7" tag="650"><subfield code="a">Roman anglophone</subfield><subfield code="0">(IDREF)029819695</subfield><subfield code="2">idref</subfield></datafield><datafield ind1=" " ind2=" " tag="830"><subfield code="a">Cross/cultures</subfield><subfield code="v">54</subfield><subfield code="w">(RERO)1736947-41slsp</subfield></datafield><datafield ind1=" " ind2=" " tag="900"><subfield code="a">REROnoselfmerge</subfield></datafield></record>
</metadata></record>