<record><header><identifier>oai:alma.41SLSP_UGE:991000788659705502</identifier><datestamp>2024-10-20T00:09:18Z</datestamp><setSpec>uge_bcen_RapidILL_BOOK</setSpec><setSpec>uge_aaca_RapidILL_BOOK</setSpec><setSpec>uge_abels_RapidILL_BOOK</setSpec><setSpec>uge_dbu_RapidILL_BOOK</setSpec><setSpec>uge_cmu_RapidILL_BOOK</setSpec><setSpec>uge_mail_RapidILL_BOOK</setSpec><setSpec>uge_abbat_RapidILL_BOOK</setSpec><setSpec>UNIGE_ALL</setSpec><setSpec>uge_acar_RapidILL_BOOK</setSpec><setSpec>uge_aobs_RapidILL_BOOK</setSpec></header><metadata>
<record xmlns="http://www.loc.gov/MARC21/slim" xmlns:xsi="http://www.w3.org/2001/XMLSchema-instance" xsi:schemaLocation="http://www.loc.gov/MARC21/slim http://www.loc.gov/standards/marcxml/schema/MARC21slim.xsd"><leader>02923nam a2200649 c 4500</leader><controlfield tag="001">991000788659705502</controlfield><controlfield tag="005">20230330223109.0</controlfield><controlfield tag="008">201012s2012    xxk||||| |||| 00| ||eng d</controlfield><datafield ind1=" " ind2=" " tag="020"><subfield code="a">9781848321465</subfield><subfield code="q">Paper</subfield></datafield><datafield ind1=" " ind2=" " tag="020"><subfield code="a">1848321465</subfield><subfield code="q">Paper</subfield></datafield><datafield ind1=" " ind2=" " tag="035"><subfield code="a">(swissbib)237457571-41slsp_network</subfield></datafield><datafield ind1=" " ind2=" " tag="035"><subfield code="a">237457571</subfield><subfield code="9">ExL</subfield></datafield><datafield ind1=" " ind2=" " tag="035"><subfield code="a">(RERO)R007130822-41slsp</subfield></datafield><datafield ind1=" " ind2=" " tag="035"><subfield code="a">(NEBIS)009984698EBI01</subfield></datafield><datafield ind1=" " ind2=" " tag="035"><subfield code="a">(OCoLC)805071006</subfield></datafield><datafield ind1=" " ind2=" " tag="035"><subfield code="a">(EXLNZ-41SLSP_NETWORK)991087318339705501</subfield></datafield><datafield ind1=" " ind2=" " tag="040"><subfield code="a">RERO geulhg</subfield><subfield code="d">CH-ZuSLS</subfield></datafield><datafield ind1=" " ind2=" " tag="050"><subfield code="a">NC1473</subfield><subfield code="b">.D384 2012</subfield></datafield><datafield ind1=" " ind2="7" tag="072"><subfield code="a">ht</subfield><subfield code="2">rero</subfield></datafield><datafield ind1=" " ind2="7" tag="072"><subfield code="a">ba</subfield><subfield code="2">rero</subfield></datafield><datafield ind1="0" ind2="4" tag="082"><subfield code="a">355.009</subfield><subfield code="2">22/ger</subfield></datafield><datafield ind1="0" ind2="4" tag="082"><subfield code="a">359.10941</subfield></datafield><datafield ind1="0" ind2="0" tag="245"><subfield code="a">Broadsides</subfield><subfield code="b">caricature and the Navy, 1756-1815</subfield><subfield code="c">James Davey &amp; Richard Johns</subfield></datafield><datafield ind1=" " ind2="1" tag="264"><subfield code="a">Barnsley</subfield><subfield code="b">Seaforth Publishing</subfield><subfield code="b">in association with the National Maritime Museum</subfield><subfield code="c">2012</subfield></datafield><datafield ind1=" " ind2=" " tag="300"><subfield code="a">64 p.</subfield><subfield code="b">ill.</subfield></datafield><datafield ind1=" " ind2=" " tag="336"><subfield code="b">txt</subfield><subfield code="2">rdacontent</subfield></datafield><datafield ind1=" " ind2=" " tag="337"><subfield code="b">n</subfield><subfield code="2">rdamedia</subfield></datafield><datafield ind1=" " ind2=" " tag="338"><subfield code="b">nc</subfield><subfield code="2">rdacarrier</subfield></datafield><datafield ind1=" " ind2=" " tag="500"><subfield code="a">&quot;This publication accompanies an exhibition at the National Maritime Museum, open between October 2012 and February 2013.&quot;</subfield></datafield><datafield ind1=" " ind2=" " tag="500"><subfield code="a">Catalog of an exhibition held at the National Maritime Museum, October 2012-February 2013</subfield></datafield><datafield ind1=" " ind2=" " tag="504"><subfield code="a">Further reading: p. 64</subfield></datafield><datafield ind1=" " ind2=" " tag="504"><subfield code="a">Includes bibliographical references (page 64)</subfield></datafield><datafield ind1="2" ind2="7" tag="610"><subfield code="a">Grande-Bretagne</subfield><subfield code="b">Royal Navy</subfield><subfield code="0">(IDREF)030469104</subfield><subfield code="2">idref</subfield></datafield><datafield ind1="2" ind2="0" tag="610"><subfield code="a">Great Britain</subfield><subfield code="b">Royal Navy</subfield><subfield code="x">Caricatures and cartoons</subfield><subfield code="v">Exhibitions</subfield></datafield><datafield ind1="1" ind2="0" tag="610"><subfield code="a">Great Britain / Royal Navy / Caricatures and cartoons / Exhibitions</subfield></datafield><datafield ind1=" " ind2="7" tag="648"><subfield code="a">Geschichte 1756-1815</subfield><subfield code="2">gnd</subfield></datafield><datafield ind1=" " ind2="7" tag="648"><subfield code="a">Geschichte 1750-1800</subfield><subfield code="2">idszbz</subfield></datafield><datafield ind1=" " ind2="7" tag="648"><subfield code="a">Geschichte 1800-1850</subfield><subfield code="2">idszbz</subfield></datafield><datafield ind1=" " ind2="7" tag="650"><subfield code="a">1756-1815</subfield><subfield code="2">rero</subfield></datafield><datafield ind1=" " ind2="7" tag="650"><subfield code="a">Marines de guerre</subfield><subfield code="0">(IDREF)027265501</subfield><subfield code="2">idref</subfield></datafield><datafield ind1=" " ind2="7" tag="650"><subfield code="a">Caricatures et dessins humoristiques anglais</subfield><subfield code="0">(RERO)A027726234</subfield><subfield code="2">rero</subfield></datafield><datafield ind1=" " ind2="7" tag="650"><subfield code="a">Karikatur</subfield><subfield code="0">(DE-588)4029670-2</subfield><subfield code="2">gnd</subfield></datafield><datafield ind1=" " ind2="7" tag="650"><subfield code="a">Marine</subfield><subfield code="g">Motiv</subfield><subfield code="0">(DE-588)4587689-7</subfield><subfield code="2">gnd</subfield></datafield><datafield ind1=" " ind2="7" tag="650"><subfield code="a">Radierung</subfield><subfield code="0">(DE-588)4048166-9</subfield><subfield code="2">gnd</subfield></datafield><datafield ind1=" " ind2="7" tag="651"><subfield code="a">Großbritannien</subfield><subfield code="0">(DE-588)4022153-2</subfield><subfield code="2">gnd</subfield></datafield><datafield ind1=" " ind2="0" tag="651"><subfield code="a">Great Britain</subfield><subfield code="x">Caricatures and cartoons</subfield><subfield code="y">18th century</subfield><subfield code="v">Exhibitions</subfield></datafield><datafield ind1=" " ind2="0" tag="651"><subfield code="a">Great Britain / Caricatures and cartoons / 18th century / Exhibitions</subfield></datafield><datafield ind1=" " ind2="7" tag="655"><subfield code="a">Catalogues d'exposition</subfield><subfield code="0">(IDREF)027320456</subfield><subfield code="2">idref</subfield></datafield><datafield ind1=" " ind2="7" tag="655"><subfield code="a">Ausstellungskatalog</subfield><subfield code="2">gnd-content</subfield></datafield><datafield ind1=" " ind2="7" tag="655"><subfield code="a">Ausstellungskatalog</subfield><subfield code="z">London (Great Britain)</subfield><subfield code="y">2012-2013</subfield><subfield code="2">gnd-content</subfield></datafield><datafield ind1="1" ind2=" " tag="700"><subfield code="a">Davey, James</subfield><subfield code="d">19..-....</subfield><subfield code="0">(IDREF)174223188</subfield></datafield><datafield ind1="1" ind2=" " tag="700"><subfield code="a">Johns, Richard</subfield><subfield code="0">(RERO)A003427382</subfield></datafield><datafield ind1="2" ind2=" " tag="710"><subfield code="a">National Maritime Museum</subfield><subfield code="g">London</subfield><subfield code="0">(DE-588)1049610-5</subfield></datafield><datafield ind1="2" ind2=" " tag="710"><subfield code="a">National Maritime Museum (London)</subfield><subfield code="0">(RERO)A000185100</subfield></datafield><datafield ind1="4" ind2=" " tag="856"><subfield code="3">Titelblatt und Inhaltsverzeichnis</subfield><subfield code="u">https://toc.library.ethz.ch/objects/pdf03/z01_978-1-84832-146-5_01.pdf</subfield><subfield code="q">pdf</subfield></datafield><datafield ind1=" " ind2=" " tag="900"><subfield code="a">REROnoselfmerge</subfield></datafield><datafield ind1=" " ind2=" " tag="900"><subfield code="a">IDSZ2zbzmon201312f</subfield><subfield code="c">IDSZ2gehm</subfield><subfield code="d">IDSZ2zbzswk201401b</subfield><subfield code="e">IDSZ2schl</subfield></datafield><datafield ind1=" " ind2=" " tag="949"><subfield code="a">https://toc.library.ethz.ch/objects/pdf03/z01_978-1-84832-146-5_01.pdf</subfield></datafield></record>
</metadata></record>