<record><header><identifier>oai:alma.41SLSP_UGE:991000788139705502</identifier><datestamp>2023-03-01T01:10:08Z</datestamp><setSpec>uge_bcen_RapidILL_BOOK</setSpec><setSpec>uge_aaca_RapidILL_BOOK</setSpec><setSpec>uge_abels_RapidILL_BOOK</setSpec><setSpec>uge_dbu_RapidILL_BOOK</setSpec><setSpec>uge_cmu_RapidILL_BOOK</setSpec><setSpec>uge_mail_RapidILL_BOOK</setSpec><setSpec>UNIGE_ALL</setSpec><setSpec>uge_abbat_RapidILL_BOOK</setSpec><setSpec>uge_aobs_RapidILL_BOOK</setSpec><setSpec>uge_acar_RapidILL_BOOK</setSpec></header><metadata>
<record xmlns="http://www.loc.gov/MARC21/slim" xmlns:xsi="http://www.w3.org/2001/XMLSchema-instance" xsi:schemaLocation="http://www.loc.gov/MARC21/slim http://www.loc.gov/standards/marcxml/schema/MARC21slim.xsd"><leader>01107nam a2200301 c 4500</leader><controlfield tag="001">991000788139705502</controlfield><controlfield tag="005">20201225191706.0</controlfield><controlfield tag="008">930114r19811850sp ||||| |||| 00| ||spa d</controlfield><datafield ind1=" " ind2=" " tag="020"><subfield code="a">8434603438</subfield></datafield><datafield ind1=" " ind2=" " tag="035"><subfield code="a">(swissbib)087223813-41slsp_network</subfield></datafield><datafield ind1=" " ind2=" " tag="035"><subfield code="a">087223813</subfield><subfield code="9">ExL</subfield></datafield><datafield ind1=" " ind2=" " tag="035"><subfield code="a">(RERO)1628593-41slsp</subfield></datafield><datafield ind1=" " ind2=" " tag="035"><subfield code="a">(EXLNZ-41SLSP_NETWORK)991142854249705501</subfield></datafield><datafield ind1=" " ind2=" " tag="040"><subfield code="a">RERO geules</subfield><subfield code="d">CH-ZuSLS</subfield></datafield><datafield ind1=" " ind2="7" tag="072"><subfield code="a">es</subfield><subfield code="2">rero</subfield></datafield><datafield ind1="1" ind2=" " tag="100"><subfield code="a">Valdés, Juan de</subfield><subfield code="d">?-1541</subfield><subfield code="0">(RERO)A000169652</subfield><subfield code="4">cre</subfield></datafield><datafield ind1="1" ind2="0" tag="245"><subfield code="a">Dos diálogos</subfield><subfield code="c">Juan de Valdés</subfield></datafield><datafield ind1=" " ind2="1" tag="264"><subfield code="a">Barcelona</subfield><subfield code="b">D. Gómez Flores</subfield><subfield code="c">1981</subfield></datafield><datafield ind1=" " ind2=" " tag="300"><subfield code="a">XX, 481 p.</subfield><subfield code="c">18 cm</subfield></datafield><datafield ind1=" " ind2=" " tag="336"><subfield code="b">txt</subfield><subfield code="2">rdacontent</subfield></datafield><datafield ind1=" " ind2=" " tag="337"><subfield code="b">n</subfield><subfield code="2">rdamedia</subfield></datafield><datafield ind1=" " ind2=" " tag="338"><subfield code="b">nc</subfield><subfield code="2">rdacarrier</subfield></datafield><datafield ind1="1" ind2=" " tag="490"><subfield code="a">Reformistas antiguos españoles</subfield><subfield code="v">4</subfield></datafield><datafield ind1=" " ind2=" " tag="500"><subfield code="a">Contient: El diálogo de Mercurio y Carón. El diálogo entre Lactancio y un arcedanio</subfield></datafield><datafield ind1=" " ind2=" " tag="534"><subfield code="p">Reprod. de l'éd. de:</subfield><subfield code="c">Madrid, 1850</subfield></datafield><datafield ind1="1" ind2="2" tag="700"><subfield code="a">Valdés, Juan de</subfield><subfield code="d">?-1541</subfield><subfield code="t">&lt;&lt;El&gt;&gt; diálogo de Mercurio y Carón</subfield></datafield><datafield ind1="1" ind2="2" tag="700"><subfield code="a">Valdés, Juan de</subfield><subfield code="d">?-1541</subfield><subfield code="t">&lt;&lt;El&gt;&gt; diálogo entre Lactancio y un arcedanio</subfield></datafield><datafield ind1=" " ind2=" " tag="830"><subfield code="a">Reformistas antiguos españoles</subfield><subfield code="v">4</subfield><subfield code="w">(RERO)1622363-41slsp</subfield></datafield><datafield ind1=" " ind2=" " tag="900"><subfield code="a">REROnoselfmerge</subfield></datafield><datafield ind1=" " ind2=" " tag="993"><subfield code="a">BFLA 59965/4</subfield><subfield code="x">ge/ules/d/92/595/3</subfield><subfield code="9">LOCAL</subfield></datafield></record>
</metadata></record>