<record><header><identifier>oai:alma.41SLSP_UGE:991000768359705502</identifier><datestamp>2023-04-11T00:12:46Z</datestamp><setSpec>uge_bcen_RapidILL_BOOK</setSpec><setSpec>uge_aaca_RapidILL_BOOK</setSpec><setSpec>uge_abels_RapidILL_BOOK</setSpec><setSpec>uge_dbu_RapidILL_BOOK</setSpec><setSpec>uge_cmu_RapidILL_BOOK</setSpec><setSpec>uge_mail_RapidILL_BOOK</setSpec><setSpec>uge_abbat_RapidILL_BOOK</setSpec><setSpec>UNIGE_ALL</setSpec><setSpec>uge_acar_RapidILL_BOOK</setSpec><setSpec>uge_aobs_RapidILL_BOOK</setSpec></header><metadata>
<record xmlns="http://www.loc.gov/MARC21/slim" xmlns:xsi="http://www.w3.org/2001/XMLSchema-instance" xsi:schemaLocation="http://www.loc.gov/MARC21/slim http://www.loc.gov/standards/marcxml/schema/MARC21slim.xsd"><leader>01355naa a2200289 c 4500</leader><controlfield tag="001">991000768359705502</controlfield><controlfield tag="005">20230410183321.0</controlfield><controlfield tag="008">201011s1991    gw ||||| |||| 00| ||ger d</controlfield><datafield ind1=" " ind2=" " tag="035"><subfield code="a">(swissbib)230489281-41slsp_network</subfield></datafield><datafield ind1=" " ind2=" " tag="035"><subfield code="a">230489281</subfield><subfield code="9">ExL</subfield></datafield><datafield ind1=" " ind2=" " tag="035"><subfield code="a">(RERO)R225236660-41slsp</subfield></datafield><datafield ind1=" " ind2=" " tag="035"><subfield code="a">(IDSBB)000824550DSV01</subfield></datafield><datafield ind1=" " ind2=" " tag="035"><subfield code="a">(EXLNZ-41SLSP_NETWORK)991020032629705501</subfield></datafield><datafield ind1=" " ind2=" " tag="040"><subfield code="a">RERO geubfd</subfield><subfield code="d">CH-ZuSLS</subfield></datafield><datafield ind1=" " ind2="7" tag="072"><subfield code="a">dr</subfield><subfield code="2">rero</subfield></datafield><datafield ind1=" " ind2=" " tag="084"><subfield code="a">EB 17 i</subfield><subfield code="2">cjurrom</subfield></datafield><datafield ind1="1" ind2=" " tag="100"><subfield code="a">Kränzlein, Arnold</subfield><subfield code="d">1921-2005</subfield><subfield code="0">(IDREF)144710080</subfield><subfield code="4">cre</subfield></datafield><datafield ind1="1" ind2="0" tag="245"><subfield code="a">Statuswechsel nach der lex Irnitana</subfield><subfield code="c">Arnold Kränzlein</subfield></datafield><datafield ind1=" " ind2=" " tag="336"><subfield code="b">txt</subfield><subfield code="2">rdacontent</subfield></datafield><datafield ind1=" " ind2=" " tag="337"><subfield code="b">n</subfield><subfield code="2">rdamedia</subfield></datafield><datafield ind1=" " ind2=" " tag="338"><subfield code="b">nc</subfield><subfield code="2">rdacarrier</subfield></datafield><datafield ind1=" " ind2=" " tag="580"><subfield code="a">In: Tradition und Fortentwicklung im Recht : Festschrift zum 90. Geburtstag von Ulrich von Lübtow am 21. August 1990. - Berlin : Schäuble, [1991]. - P. 45-51</subfield></datafield><datafield ind1="2" ind2="7" tag="610"><subfield code="a">Rome</subfield><subfield code="t">Lex irnitana</subfield><subfield code="0">(RERO)A010142766</subfield><subfield code="2">rero</subfield></datafield><datafield ind1=" " ind2="7" tag="650"><subfield code="a">Nationalité</subfield><subfield code="0">(IDREF)027743098</subfield><subfield code="2">idref</subfield></datafield><datafield ind1=" " ind2="7" tag="650"><subfield code="a">Droits acquis (droit)</subfield><subfield code="0">(IDREF)029337984</subfield><subfield code="2">idref</subfield></datafield><datafield ind1="0" ind2=" " tag="773"><subfield code="t">Tradition und Fortentwicklung im Recht : Festschrift zum 90. Geb. von Ulrich von Lübtow</subfield><subfield code="d">Berlin : Schäuble, 1991</subfield><subfield code="g">S. 45-51</subfield><subfield code="q">45-51</subfield><subfield code="w">(IDSBB)000806474DSV01</subfield></datafield><datafield ind1="0" ind2=" " tag="773"><subfield code="t">Tradition und Fortentwicklung im Recht : Festschrift zum 90. Geburtstag von Ulrich von Lübtow am 21. August 1990</subfield><subfield code="g">45</subfield><subfield code="w">(RERO)1644298-41slsp</subfield></datafield><datafield ind1=" " ind2=" " tag="900"><subfield code="a">REROnoselfmerge</subfield></datafield></record>
</metadata></record>