<record><header><identifier>oai:alma.41SLSP_UGE:991000788749705502</identifier><datestamp>2023-06-30T00:20:58Z</datestamp><setSpec>uge_bcen_RapidILL_BOOK</setSpec><setSpec>uge_aaca_RapidILL_BOOK</setSpec><setSpec>uge_abels_RapidILL_BOOK</setSpec><setSpec>uge_dbu_RapidILL_BOOK</setSpec><setSpec>uge_cmu_RapidILL_BOOK</setSpec><setSpec>uge_mail_RapidILL_BOOK</setSpec><setSpec>uge_abbat_RapidILL_BOOK</setSpec><setSpec>UNIGE_ALL</setSpec><setSpec>uge_acar_RapidILL_BOOK</setSpec><setSpec>uge_aobs_RapidILL_BOOK</setSpec></header><metadata>
<record xmlns="http://www.loc.gov/MARC21/slim" xmlns:xsi="http://www.w3.org/2001/XMLSchema-instance" xsi:schemaLocation="http://www.loc.gov/MARC21/slim http://www.loc.gov/standards/marcxml/schema/MARC21slim.xsd"><leader>01463naa a2200289 c 4500</leader><controlfield tag="001">991000788749705502</controlfield><controlfield tag="005">20230629183355.0</controlfield><controlfield tag="008">970728s1984    fr ||||| |||| 10| ||fre d</controlfield><datafield ind1=" " ind2=" " tag="035"><subfield code="a">(swissbib)108818888-41slsp_network</subfield></datafield><datafield ind1=" " ind2=" " tag="035"><subfield code="a">108818888</subfield><subfield code="9">ExL</subfield></datafield><datafield ind1=" " ind2=" " tag="035"><subfield code="a">(RERO)bv01049745-41slsp</subfield></datafield><datafield ind1=" " ind2=" " tag="035"><subfield code="a">(EXLNZ-41SLSP_NETWORK)991006022669705501</subfield></datafield><datafield ind1=" " ind2=" " tag="040"><subfield code="a">RERO iftfla</subfield><subfield code="d">CH-ZuSLS</subfield></datafield><datafield ind1="0" ind2=" " tag="041"><subfield code="a">eng</subfield><subfield code="a">fre</subfield></datafield><datafield ind1=" " ind2="7" tag="072"><subfield code="a">dr</subfield><subfield code="2">rero</subfield></datafield><datafield ind1=" " ind2=" " tag="084"><subfield code="a">A 87 e</subfield><subfield code="2">cjurrom</subfield></datafield><datafield ind1=" " ind2=" " tag="084"><subfield code="a">A 88 e</subfield><subfield code="2">cjurrom</subfield></datafield><datafield ind1="0" ind2="0" tag="245"><subfield code="a">Infractions d'omission et responsabilité pénale pour omission</subfield><subfield code="b">actes du Colloque préparatoire au XIIIème Congrès international tenu à Urbino (Italie), 7-10 octobre 1982</subfield><subfield code="c">Association internationale de droit pénal</subfield></datafield><datafield ind1=" " ind2=" " tag="336"><subfield code="b">txt</subfield><subfield code="2">rdacontent</subfield></datafield><datafield ind1=" " ind2=" " tag="337"><subfield code="b">n</subfield><subfield code="2">rdamedia</subfield></datafield><datafield ind1=" " ind2=" " tag="338"><subfield code="b">nc</subfield><subfield code="2">rdacarrier</subfield></datafield><datafield ind1=" " ind2=" " tag="580"><subfield code="a">In: Revue internationale de droit pénal. - Toulouse. - Année 55(1984), nos 3/4, pp. 445-1045</subfield></datafield><datafield ind1=" " ind2="7" tag="650"><subfield code="a">Strafrecht</subfield><subfield code="9">ger</subfield><subfield code="0">(RERO)jurivoc000021776ger</subfield><subfield code="2">jurivoc</subfield></datafield><datafield ind1=" " ind2="7" tag="650"><subfield code="a">allgemeines Strafrecht</subfield><subfield code="9">ger</subfield><subfield code="0">(RERO)jurivoc000000845ger</subfield><subfield code="2">jurivoc</subfield></datafield><datafield ind1=" " ind2="7" tag="650"><subfield code="a">Unterlassungsdelikt</subfield><subfield code="9">ger</subfield><subfield code="0">(RERO)jurivoc000023850ger</subfield><subfield code="2">jurivoc</subfield></datafield><datafield ind1="2" ind2=" " tag="710"><subfield code="a">Association internationale de droit pénal</subfield><subfield code="0">(RERO)A000012004</subfield></datafield><datafield ind1="2" ind2=" " tag="711"><subfield code="a">Congrès international de droit pénal</subfield><subfield code="n">13</subfield><subfield code="d">1982</subfield><subfield code="c">Urbino</subfield><subfield code="e">Colloque préparatoire</subfield><subfield code="0">(RERO)A012321954</subfield></datafield><datafield ind1="0" ind2=" " tag="773"><subfield code="t">Revue internationale de droit pénal : organe officiel de l'Association internationale de droit pénal = International review of penal law</subfield><subfield code="g">1984/445</subfield><subfield code="g">yr:1984</subfield><subfield code="w">(RERO)0125345-41slsp</subfield></datafield></record>
</metadata></record>