<record><header><identifier>oai:alma.41SLSP_UGE:991000788849705502</identifier><datestamp>2023-03-01T01:10:08Z</datestamp><setSpec>uge_bcen_RapidILL_BOOK</setSpec><setSpec>uge_aaca_RapidILL_BOOK</setSpec><setSpec>uge_abels_RapidILL_BOOK</setSpec><setSpec>uge_dbu_RapidILL_BOOK</setSpec><setSpec>uge_cmu_RapidILL_BOOK</setSpec><setSpec>uge_mail_RapidILL_BOOK</setSpec><setSpec>UNIGE_ALL</setSpec><setSpec>uge_abbat_RapidILL_BOOK</setSpec><setSpec>uge_aobs_RapidILL_BOOK</setSpec><setSpec>uge_acar_RapidILL_BOOK</setSpec></header><metadata>
<record xmlns="http://www.loc.gov/MARC21/slim" xmlns:xsi="http://www.w3.org/2001/XMLSchema-instance" xsi:schemaLocation="http://www.loc.gov/MARC21/slim http://www.loc.gov/standards/marcxml/schema/MARC21slim.xsd"><leader>01163nam a2200289 c 4500</leader><controlfield tag="001">991000788849705502</controlfield><controlfield tag="005">20201225182556.0</controlfield><controlfield tag="008">860326s1985    sp ||||| |||| 00| ||spa d</controlfield><datafield ind1=" " ind2=" " tag="020"><subfield code="a">8436305574</subfield></datafield><datafield ind1="7" ind2=" " tag="024"><subfield code="a">http://catalogue.bnf.fr/ark:/12148/cb366251751</subfield><subfield code="2">uri</subfield></datafield><datafield ind1=" " ind2=" " tag="035"><subfield code="a">(swissbib)080681670-41slsp_network</subfield></datafield><datafield ind1=" " ind2=" " tag="035"><subfield code="a">080681670</subfield><subfield code="9">ExL</subfield></datafield><datafield ind1=" " ind2=" " tag="035"><subfield code="a">(RERO)0696159-41slsp</subfield></datafield><datafield ind1=" " ind2=" " tag="035"><subfield code="a">(EXLNZ-41SLSP_NETWORK)991046631259705501</subfield></datafield><datafield ind1=" " ind2=" " tag="040"><subfield code="a">RERO frbcuc</subfield><subfield code="d">CH-ZuSLS</subfield></datafield><datafield ind1=" " ind2="7" tag="072"><subfield code="a">es</subfield><subfield code="2">rero</subfield></datafield><datafield ind1="1" ind2=" " tag="080"><subfield code="a">860&quot;14/16&quot;LOPC7Not</subfield></datafield><datafield ind1="1" ind2=" " tag="100"><subfield code="a">López de Caravantes, Francisco</subfield><subfield code="0">(IDREF)028846648</subfield><subfield code="4">cre</subfield></datafield><datafield ind1="1" ind2="0" tag="245"><subfield code="a">Noticia general del Perú</subfield><subfield code="c">Francisco López de Caravantes ; estudio preliminar Guillermo Lohmann Villena ; ed. Marie Helmer ; con la colab. de José María Pérez-Bustamante de Monasterio.</subfield><subfield code="n">1</subfield></datafield><datafield ind1=" " ind2="1" tag="264"><subfield code="a">Madrid</subfield><subfield code="b">Ed. Atlas</subfield><subfield code="c">1985</subfield></datafield><datafield ind1=" " ind2=" " tag="300"><subfield code="a">CXXIV, 202 p.</subfield><subfield code="c">26 cm</subfield></datafield><datafield ind1=" " ind2=" " tag="336"><subfield code="b">txt</subfield><subfield code="2">rdacontent</subfield></datafield><datafield ind1=" " ind2=" " tag="337"><subfield code="b">n</subfield><subfield code="2">rdamedia</subfield></datafield><datafield ind1=" " ind2=" " tag="338"><subfield code="b">nc</subfield><subfield code="2">rdacarrier</subfield></datafield><datafield ind1="1" ind2=" " tag="490"><subfield code="a">Biblioteca de autores españoles</subfield><subfield code="v">t. 292</subfield></datafield><datafield ind1=" " ind2=" " tag="830"><subfield code="a">Biblioteca de autores españoles</subfield><subfield code="v">292</subfield><subfield code="w">(RERO)0012737-41slsp</subfield></datafield><datafield ind1="1" ind2=" " tag="800"><subfield code="a">Lopéz de Caravantes, Francisco</subfield><subfield code="t">Noticia general del Perú</subfield><subfield code="v">1</subfield><subfield code="w">(RERO)0696110-41slsp</subfield></datafield><datafield ind1=" " ind2=" " tag="900"><subfield code="a">REROnoselfmerge</subfield></datafield><datafield ind1=" " ind2=" " tag="993"><subfield code="a">BFLB 8009/1</subfield><subfield code="x">ge/ules/a/88/262</subfield><subfield code="9">LOCAL</subfield></datafield></record>
</metadata></record>