<record><header><identifier>oai:alma.41SLSP_UGE:991000788129705502</identifier><datestamp>2023-03-21T01:11:46Z</datestamp><setSpec>uge_bcen_RapidILL_BOOK</setSpec><setSpec>uge_aaca_RapidILL_BOOK</setSpec><setSpec>uge_abels_RapidILL_BOOK</setSpec><setSpec>uge_dbu_RapidILL_BOOK</setSpec><setSpec>uge_cmu_RapidILL_BOOK</setSpec><setSpec>uge_mail_RapidILL_BOOK</setSpec><setSpec>uge_abbat_RapidILL_BOOK</setSpec><setSpec>UNIGE_ALL</setSpec><setSpec>uge_acar_RapidILL_BOOK</setSpec><setSpec>uge_aobs_RapidILL_BOOK</setSpec></header><metadata>
<record xmlns="http://www.loc.gov/MARC21/slim" xmlns:xsi="http://www.w3.org/2001/XMLSchema-instance" xsi:schemaLocation="http://www.loc.gov/MARC21/slim http://www.loc.gov/standards/marcxml/schema/MARC21slim.xsd"><leader>01546nam a2200421 c 4500</leader><controlfield tag="001">991000788129705502</controlfield><controlfield tag="005">20230320214329.0</controlfield><controlfield tag="008">201011s1980    fr ||||| |||| 00| ||fre d</controlfield><datafield ind1=" " ind2=" " tag="020"><subfield code="a">2902918054</subfield></datafield><datafield ind1="7" ind2=" " tag="024"><subfield code="a">http://catalogue.bnf.fr/ark:/12148/cb34684746t</subfield><subfield code="2">uri</subfield></datafield><datafield ind1=" " ind2=" " tag="035"><subfield code="a">(swissbib)215982126-41slsp_network</subfield></datafield><datafield ind1=" " ind2=" " tag="035"><subfield code="a">215982126</subfield><subfield code="9">ExL</subfield></datafield><datafield ind1=" " ind2=" " tag="035"><subfield code="a">(RERO)0619493-41slsp</subfield></datafield><datafield ind1=" " ind2=" " tag="035"><subfield code="a">(NEBIS)000661303EBI01</subfield></datafield><datafield ind1=" " ind2=" " tag="035"><subfield code="a">(EXLNZ-41SLSP_NETWORK)991105255449705501</subfield></datafield><datafield ind1=" " ind2=" " tag="040"><subfield code="a">RERO frbcuc</subfield><subfield code="d">CH-ZuSLS</subfield></datafield><datafield ind1="1" ind2=" " tag="041"><subfield code="a">fre</subfield><subfield code="h">eng</subfield></datafield><datafield ind1=" " ind2="7" tag="072"><subfield code="a">bi</subfield><subfield code="2">rero</subfield></datafield><datafield ind1="0" ind2="0" tag="245"><subfield code="a">Hérédité et manipulations génétiques</subfield><subfield code="c">préf. de François Gros</subfield></datafield><datafield ind1=" " ind2="1" tag="264"><subfield code="a">Paris</subfield><subfield code="b">Pour la science</subfield><subfield code="c">1980</subfield></datafield><datafield ind1=" " ind2=" " tag="300"><subfield code="a">204 p.</subfield><subfield code="b">ill.</subfield><subfield code="c">29 cm</subfield></datafield><datafield ind1=" " ind2=" " tag="336"><subfield code="b">txt</subfield><subfield code="2">rdacontent</subfield></datafield><datafield ind1=" " ind2=" " tag="337"><subfield code="b">n</subfield><subfield code="2">rdamedia</subfield></datafield><datafield ind1=" " ind2=" " tag="338"><subfield code="b">nc</subfield><subfield code="2">rdacarrier</subfield></datafield><datafield ind1="1" ind2=" " tag="490"><subfield code="a">Bibliothèque Pour la science</subfield></datafield><datafield ind1=" " ind2=" " tag="500"><subfield code="a">Articles extraits de Scientific American et de Pour la science</subfield></datafield><datafield ind1=" " ind2="2" tag="650"><subfield code="a">Genetics</subfield></datafield><datafield ind1=" " ind2="2" tag="650"><subfield code="a">Genetic Intervention</subfield></datafield><datafield ind1=" " ind2="2" tag="650"><subfield code="a">Genes</subfield></datafield><datafield ind1=" " ind2="2" tag="650"><subfield code="a">Genetic Technics</subfield></datafield><datafield ind1=" " ind2="7" tag="650"><subfield code="a">Génie génétique</subfield><subfield code="0">(IDREF)02756987X</subfield><subfield code="2">idref</subfield></datafield><datafield ind1=" " ind2="7" tag="650"><subfield code="a">Hérédité</subfield><subfield code="0">(IDREF)027790401</subfield><subfield code="2">idref</subfield></datafield><datafield ind1=" " ind2="7" tag="650"><subfield code="a">Biologie moléculaire</subfield><subfield code="0">(IDREF)027221369</subfield><subfield code="2">idref</subfield></datafield><datafield ind1=" " ind2="7" tag="650"><subfield code="a">ERBGUT + ERBANLAGEN + ERBLICHKEIT (GENETIK)</subfield><subfield code="9">ger</subfield><subfield code="0">(ETHUDK)000021488</subfield><subfield code="2">ethudk</subfield></datafield><datafield ind1=" " ind2="7" tag="650"><subfield code="a">GENTECHNOLOGIE</subfield><subfield code="9">ger</subfield><subfield code="0">(ETHUDK)000021481</subfield><subfield code="2">ethudk</subfield></datafield><datafield ind1=" " ind2="7" tag="655"><subfield code="a">[Études diverses]</subfield><subfield code="0">(RERO)A022249905</subfield><subfield code="2">rero</subfield></datafield><datafield ind1="1" ind2=" " tag="700"><subfield code="a">Gros, François</subfield><subfield code="c">biologiste</subfield><subfield code="d">1925-2022</subfield><subfield code="0">(IDREF)02904555X</subfield></datafield><datafield ind1=" " ind2="0" tag="830"><subfield code="a">Bibliothèque Pour la science</subfield><subfield code="w">(RERO)0402051-41slsp</subfield></datafield><datafield ind1=" " ind2=" " tag="900"><subfield code="a">REROnoselfmerge</subfield></datafield></record>
</metadata></record>