<record><header><identifier>oai:alma.41SLSP_UGE:991000768129705502</identifier><datestamp>2023-03-21T01:09:25Z</datestamp><setSpec>uge_bcen_RapidILL_BOOK</setSpec><setSpec>uge_aaca_RapidILL_BOOK</setSpec><setSpec>uge_abels_RapidILL_BOOK</setSpec><setSpec>uge_dbu_RapidILL_BOOK</setSpec><setSpec>uge_cmu_RapidILL_BOOK</setSpec><setSpec>uge_mail_RapidILL_BOOK</setSpec><setSpec>uge_abbat_RapidILL_BOOK</setSpec><setSpec>UNIGE_ALL</setSpec><setSpec>uge_acar_RapidILL_BOOK</setSpec><setSpec>uge_aobs_RapidILL_BOOK</setSpec></header><metadata>
<record xmlns="http://www.loc.gov/MARC21/slim" xmlns:xsi="http://www.w3.org/2001/XMLSchema-instance" xsi:schemaLocation="http://www.loc.gov/MARC21/slim http://www.loc.gov/standards/marcxml/schema/MARC21slim.xsd"><leader>02640nam a2200661 c 4500</leader><controlfield tag="001">991000768129705502</controlfield><controlfield tag="005">20230320185551.0</controlfield><controlfield tag="008">201011s2006    be ||||| |||| 00| ||fre d</controlfield><datafield ind1=" " ind2=" " tag="020"><subfield code="z">2503523359</subfield></datafield><datafield ind1=" " ind2=" " tag="020"><subfield code="a">2503523358</subfield></datafield><datafield ind1=" " ind2=" " tag="035"><subfield code="a">(swissbib)222008202-41slsp_network</subfield></datafield><datafield ind1=" " ind2=" " tag="035"><subfield code="a">222008202</subfield><subfield code="9">ExL</subfield></datafield><datafield ind1=" " ind2=" " tag="035"><subfield code="a">(RERO)R004217726-41slsp</subfield></datafield><datafield ind1=" " ind2=" " tag="035"><subfield code="a">(NEBIS)005318669EBI01</subfield></datafield><datafield ind1=" " ind2=" " tag="035"><subfield code="a">(IDSBB)004124169DSV01</subfield></datafield><datafield ind1=" " ind2=" " tag="035"><subfield code="a">(EXLNZ-41SLSP_NETWORK)991081749139705501</subfield></datafield><datafield ind1=" " ind2=" " tag="040"><subfield code="a">RERO geulfr</subfield><subfield code="d">CH-ZuSLS</subfield></datafield><datafield ind1=" " ind2="7" tag="072"><subfield code="a">fm</subfield><subfield code="2">rero</subfield></datafield><datafield ind1=" " ind2="7" tag="072"><subfield code="a">gw</subfield><subfield code="2">SzZuIDS BS/BE</subfield></datafield><datafield ind1=" " ind2="7" tag="072"><subfield code="a">ph</subfield><subfield code="2">SzZuIDS BS/BE</subfield></datafield><datafield ind1=" " ind2="7" tag="072"><subfield code="a">th</subfield><subfield code="2">SzZuIDS BS/BE</subfield></datafield><datafield ind1="0" ind2="4" tag="082"><subfield code="a">001.0902</subfield></datafield><datafield ind1="1" ind2="4" tag="082"><subfield code="a">940.1</subfield></datafield><datafield ind1=" " ind2=" " tag="084"><subfield code="a">NM 1400</subfield><subfield code="2">rvk</subfield></datafield><datafield ind1="0" ind2="0" tag="245"><subfield code="a">&lt;&lt;La&gt;&gt; méthode critique au Moyen-Âge</subfield><subfield code="c">études réunies par Mireille Chazan et Gilbert Dahan</subfield></datafield><datafield ind1=" " ind2="1" tag="264"><subfield code="a">Turnhout</subfield><subfield code="b">Brepols</subfield><subfield code="c">2006</subfield></datafield><datafield ind1=" " ind2=" " tag="300"><subfield code="a">321 p.</subfield></datafield><datafield ind1=" " ind2=" " tag="336"><subfield code="b">txt</subfield><subfield code="2">rdacontent</subfield></datafield><datafield ind1=" " ind2=" " tag="337"><subfield code="b">n</subfield><subfield code="2">rdamedia</subfield></datafield><datafield ind1=" " ind2=" " tag="338"><subfield code="b">nc</subfield><subfield code="2">rdacarrier</subfield></datafield><datafield ind1="1" ind2=" " tag="490"><subfield code="a">Bibliothèque d'histoire culturelle du Moyen âge</subfield><subfield code="v">3</subfield></datafield><datafield ind1=" " ind2=" " tag="504"><subfield code="a">Index des auteurs et des manuscrits</subfield></datafield><datafield ind1="0" ind2="7" tag="630"><subfield code="a">Bible</subfield><subfield code="0">(IDREF)028198654</subfield><subfield code="2">idref</subfield></datafield><datafield ind1="0" ind2="0" tag="630"><subfield code="a">Bible</subfield><subfield code="x">Criticism, interpretation, etc</subfield><subfield code="x">History</subfield><subfield code="y">Middle Ages, 600-1500</subfield></datafield><datafield ind1="0" ind2="0" tag="630"><subfield code="a">Bible</subfield><subfield code="x">Criticism, interpretation, etc</subfield><subfield code="x">History</subfield><subfield code="y">Middle Ages, 600-1500</subfield><subfield code="v">Congresses</subfield></datafield><datafield ind1=" " ind2="7" tag="648"><subfield code="a">Geschichte 1200-1500</subfield><subfield code="2">idszbz</subfield></datafield><datafield ind1=" " ind2="7" tag="648"><subfield code="a">Geschichte</subfield><subfield code="2">idszbz</subfield></datafield><datafield ind1=" " ind2="7" tag="650"><subfield code="a">Littérature européenne</subfield><subfield code="0">(IDREF)027236927</subfield><subfield code="2">idref</subfield></datafield><datafield ind1=" " ind2="7" tag="650"><subfield code="a">Critique littéraire</subfield><subfield code="0">(IDREF)027286592</subfield><subfield code="2">idref</subfield></datafield><datafield ind1=" " ind2="7" tag="650"><subfield code="a">Moyen âge</subfield><subfield code="0">(IDREF)027329917</subfield><subfield code="2">idref</subfield></datafield><datafield ind1=" " ind2="7" tag="650"><subfield code="a">Histoire</subfield><subfield code="0">(IDREF)02726470X</subfield><subfield code="2">idref</subfield></datafield><datafield ind1=" " ind2="7" tag="650"><subfield code="a">Esprit critique</subfield><subfield code="0">(IDREF)031382231</subfield><subfield code="2">idref</subfield></datafield><datafield ind1=" " ind2="7" tag="650"><subfield code="a">Kritisches Denken</subfield><subfield code="2">idszbz</subfield></datafield><datafield ind1=" " ind2="7" tag="650"><subfield code="a">Edition</subfield><subfield code="0">(DE-588)4132033-5</subfield><subfield code="2">gnd</subfield></datafield><datafield ind1=" " ind2="0" tag="650"><subfield code="a">Hagiography</subfield></datafield><datafield ind1=" " ind2="0" tag="650"><subfield code="a">Hagiography</subfield><subfield code="x">History and criticism</subfield><subfield code="v">Congresses</subfield></datafield><datafield ind1=" " ind2="0" tag="650"><subfield code="a">Literature, Medieval</subfield><subfield code="x">History and criticism</subfield></datafield><datafield ind1=" " ind2="0" tag="650"><subfield code="a">Literature, Medieval</subfield><subfield code="x">History and criticism</subfield><subfield code="v">Congresses</subfield></datafield><datafield ind1=" " ind2="0" tag="650"><subfield code="a">Middle Ages</subfield><subfield code="x">Historiography</subfield></datafield><datafield ind1=" " ind2="0" tag="650"><subfield code="a">Middle Ages</subfield><subfield code="x">Historiography</subfield><subfield code="v">Congresses</subfield></datafield><datafield ind1=" " ind2="7" tag="650"><subfield code="a">Kritisches Denken</subfield><subfield code="y">Geschichte Mittelalter</subfield><subfield code="v">Kongressbericht</subfield><subfield code="2">idsbb</subfield></datafield><datafield ind1=" " ind2="7" tag="650"><subfield code="a">Historisch-kritische Bibelerklärung</subfield><subfield code="y">Geschichte Mittelalter</subfield><subfield code="v">Kongressbericht</subfield><subfield code="2">idsbb</subfield></datafield><datafield ind1=" " ind2="7" tag="655"><subfield code="a">[Études diverses]</subfield><subfield code="0">(RERO)A022249905</subfield><subfield code="2">rero</subfield></datafield><datafield ind1=" " ind2="7" tag="655"><subfield code="a">Aufsatzsammlung</subfield><subfield code="2">idszbz</subfield></datafield><datafield ind1="1" ind2=" " tag="700"><subfield code="a">Dahan, Gilbert</subfield><subfield code="d">1943-....</subfield><subfield code="0">(IDREF)026809109</subfield></datafield><datafield ind1="1" ind2=" " tag="700"><subfield code="a">Chazan, Mireille</subfield><subfield code="d">1938-....</subfield><subfield code="0">(IDREF)050404407</subfield></datafield><datafield ind1=" " ind2=" " tag="830"><subfield code="a">Bibliothèque d'histoire culturelle du Moyen âge</subfield><subfield code="v">3</subfield><subfield code="w">(NEBIS)004983848EBI01</subfield></datafield><datafield ind1=" " ind2=" " tag="900"><subfield code="a">REROnoselfmerge</subfield></datafield><datafield ind1=" " ind2=" " tag="900"><subfield code="a">IDSZ2zbzmon200703e</subfield><subfield code="c">IDSZ2hilb</subfield><subfield code="d">IDSZ2zbzswk200703b</subfield><subfield code="e">IDSZ2brue</subfield></datafield></record>
</metadata></record>