<record><header><identifier>oai:alma.41SLSP_UGE:991000768349705502</identifier><datestamp>2023-03-01T01:10:08Z</datestamp><setSpec>uge_bcen_RapidILL_BOOK</setSpec><setSpec>uge_aaca_RapidILL_BOOK</setSpec><setSpec>uge_abels_RapidILL_BOOK</setSpec><setSpec>uge_dbu_RapidILL_BOOK</setSpec><setSpec>uge_cmu_RapidILL_BOOK</setSpec><setSpec>uge_mail_RapidILL_BOOK</setSpec><setSpec>UNIGE_ALL</setSpec><setSpec>uge_abbat_RapidILL_BOOK</setSpec><setSpec>uge_acar_RapidILL_BOOK</setSpec><setSpec>uge_aobs_RapidILL_BOOK</setSpec></header><metadata>
<record xmlns="http://www.loc.gov/MARC21/slim" xmlns:xsi="http://www.w3.org/2001/XMLSchema-instance" xsi:schemaLocation="http://www.loc.gov/MARC21/slim http://www.loc.gov/standards/marcxml/schema/MARC21slim.xsd"><leader>02878nam a2200709 c 4500</leader><controlfield tag="001">991000768349705502</controlfield><controlfield tag="005">20230220192501.0</controlfield><controlfield tag="008">201012s1989    xxk||||| |||| 00| ||eng d</controlfield><datafield ind1=" " ind2=" " tag="010"><subfield code="a">88005068</subfield></datafield><datafield ind1=" " ind2=" " tag="020"><subfield code="a">0521344069</subfield><subfield code="q">hbk.</subfield></datafield><datafield ind1=" " ind2=" " tag="020"><subfield code="a">9780511525599</subfield><subfield code="q">ebook</subfield></datafield><datafield ind1=" " ind2=" " tag="035"><subfield code="a">(swissbib)242140424-41slsp_network</subfield></datafield><datafield ind1=" " ind2=" " tag="035"><subfield code="a">242140424</subfield><subfield code="9">ExL</subfield></datafield><datafield ind1=" " ind2=" " tag="035"><subfield code="a">(RERO)1221183-41slsp</subfield></datafield><datafield ind1=" " ind2=" " tag="035"><subfield code="a">(IDSBB)004574718DSV01</subfield></datafield><datafield ind1=" " ind2=" " tag="035"><subfield code="a">(NEBIS)000500927EBI01</subfield></datafield><datafield ind1=" " ind2=" " tag="035"><subfield code="a">(EXLNZ-41SLSP_NETWORK)991046288549705501</subfield></datafield><datafield ind1=" " ind2=" " tag="040"><subfield code="a">RERO labcud</subfield><subfield code="d">CH-ZuSLS</subfield></datafield><datafield ind1="1" ind2=" " tag="041"><subfield code="a">eng</subfield><subfield code="h">nor</subfield></datafield><datafield ind1=" " ind2=" " tag="044"><subfield code="a">xxu</subfield><subfield code="a">xxk</subfield></datafield><datafield ind1=" " ind2="7" tag="072"><subfield code="a">go</subfield><subfield code="2">rero</subfield></datafield><datafield ind1=" " ind2="7" tag="072"><subfield code="a">ps</subfield><subfield code="2">rero</subfield></datafield><datafield ind1=" " ind2="7" tag="072"><subfield code="a">ph</subfield><subfield code="2">SzZuIDS BS/BE</subfield></datafield><datafield ind1=" " ind2="7" tag="072"><subfield code="a">uw</subfield><subfield code="2">SzZuIDS BS/BE</subfield></datafield><datafield ind1="0" ind2="0" tag="082"><subfield code="a">304.2/01</subfield><subfield code="2">19</subfield></datafield><datafield ind1="0" ind2="4" tag="082"><subfield code="a">113</subfield></datafield><datafield ind1=" " ind2=" " tag="084"><subfield code="a">CC 7750</subfield><subfield code="2">rvk</subfield></datafield><datafield ind1=" " ind2=" " tag="084"><subfield code="a">CC 8200</subfield><subfield code="2">rvk</subfield></datafield><datafield ind1=" " ind2=" " tag="084"><subfield code="a">RB 10844</subfield><subfield code="2">rvk</subfield></datafield><datafield ind1=" " ind2=" " tag="084"><subfield code="a">WK 8500</subfield><subfield code="2">rvk</subfield></datafield><datafield ind1="1" ind2=" " tag="100"><subfield code="a">Naess, Arne</subfield><subfield code="0">(RERO)A003627365</subfield><subfield code="4">cre</subfield></datafield><datafield ind1="1" ind2="0" tag="245"><subfield code="a">Ecology, community and lifestyle</subfield><subfield code="b">outline of an ecosophy</subfield><subfield code="c">Arne Naess ; transl. and rev. by David Rothenberg</subfield></datafield><datafield ind1="1" ind2=" " tag="246"><subfield code="a">Økologi, samfunn og livsstil</subfield></datafield><datafield ind1=" " ind2="1" tag="264"><subfield code="a">Cambridge</subfield><subfield code="a">New York [etc.]</subfield><subfield code="b">Cambridge Univ. Press</subfield><subfield code="c">1989</subfield></datafield><datafield ind1=" " ind2=" " tag="300"><subfield code="a">XIII, 223 S.</subfield><subfield code="c">24 cm</subfield><subfield code="b">Ill.</subfield></datafield><datafield ind1=" " ind2=" " tag="336"><subfield code="b">txt</subfield><subfield code="2">rdacontent</subfield></datafield><datafield ind1=" " ind2=" " tag="337"><subfield code="b">n</subfield><subfield code="2">rdamedia</subfield></datafield><datafield ind1=" " ind2=" " tag="338"><subfield code="b">nc</subfield><subfield code="2">rdacarrier</subfield></datafield><datafield ind1=" " ind2=" " tag="500"><subfield code="a">Traduit de: Økologi, samfunn og livsstil</subfield></datafield><datafield ind1=" " ind2=" " tag="500"><subfield code="a">Originaltitel: Økologi, samfunn og livsstil (Teilweise Übersetzung und Überarbeitung der 5. Aufl. von)</subfield></datafield><datafield ind1=" " ind2=" " tag="500"><subfield code="a">&quot;This work contains translations of some parts of the fifth edition of Økologi, samfunn of livsstil, 1976&quot;</subfield></datafield><datafield ind1=" " ind2=" " tag="500"><subfield code="a">Urheberangaben auf Umschlag: Arne Naess, transl. and ed. by David Rothenberg ; Naess &amp; Rothenberg</subfield></datafield><datafield ind1=" " ind2="7" tag="650"><subfield code="a">Écologie humaine</subfield><subfield code="0">(IDREF)027311198</subfield><subfield code="2">idref</subfield></datafield><datafield ind1=" " ind2="7" tag="650"><subfield code="a">Umwelt</subfield><subfield code="2">idsbb</subfield></datafield><datafield ind1=" " ind2="7" tag="650"><subfield code="a">Ökologie</subfield><subfield code="2">idsbb</subfield></datafield><datafield ind1=" " ind2="7" tag="650"><subfield code="a">Ökologische Philosophie</subfield><subfield code="2">idszbz</subfield></datafield><datafield ind1=" " ind2="0" tag="650"><subfield code="a">Human ecology</subfield><subfield code="x">Philosophy</subfield></datafield><datafield ind1=" " ind2="7" tag="650"><subfield code="a">Humanökologie</subfield><subfield code="0">(DE-588)4026152-9</subfield><subfield code="2">gnd</subfield></datafield><datafield ind1=" " ind2="7" tag="650"><subfield code="a">Ökologische Philosophie</subfield><subfield code="0">(DE-588)4194166-4</subfield><subfield code="2">gnd</subfield></datafield><datafield ind1=" " ind2="0" tag="650"><subfield code="a">Human biology</subfield><subfield code="x">Philosophy</subfield></datafield><datafield ind1=" " ind2="0" tag="650"><subfield code="a">Human ecology</subfield></datafield><datafield ind1=" " ind2="0" tag="650"><subfield code="a">Philosophical anthropology</subfield></datafield><datafield ind1=" " ind2="7" tag="650"><subfield code="a">HUMANÖKOLOGIE</subfield><subfield code="9">ger</subfield><subfield code="0">(ETHUDK)000021472</subfield><subfield code="2">ethudk</subfield></datafield><datafield ind1=" " ind2="7" tag="650"><subfield code="a">NATURPHILOSOPHIE + KOSMOLOGIE</subfield><subfield code="9">ger</subfield><subfield code="0">(ETHUDK)000009391</subfield><subfield code="2">ethudk</subfield></datafield><datafield ind1=" " ind2="7" tag="650"><subfield code="a">UMWELTPOLITIK + UMWELTSCHUTZPOLITIK + NATURSCHUTZPOLITIK (POLITIK)</subfield><subfield code="9">ger</subfield><subfield code="0">(ETHUDK)000044301</subfield><subfield code="2">ethudk</subfield></datafield><datafield ind1=" " ind2="7" tag="650"><subfield code="a">ÖKOLOGIE</subfield><subfield code="9">ger</subfield><subfield code="0">(ETHUDK)000021419</subfield><subfield code="2">ethudk</subfield></datafield><datafield ind1=" " ind2=" " tag="690"><subfield code="a">003a</subfield><subfield code="d">Geosophie, Theorien, Grundsatzartikel, Meinungen</subfield><subfield code="2">uzb-UJ</subfield></datafield><datafield ind1=" " ind2=" " tag="690"><subfield code="a">035</subfield><subfield code="d">Ökologie</subfield><subfield code="2">uzb-UJ</subfield></datafield><datafield ind1=" " ind2=" " tag="690"><subfield code="a">720</subfield><subfield code="d">Umweltpolitik</subfield><subfield code="2">uzb-UJ</subfield></datafield><datafield ind1="1" ind2=" " tag="700"><subfield code="a">Næss, Arne</subfield><subfield code="d">1912-2009</subfield><subfield code="0">(DE-588)119219409</subfield></datafield><datafield ind1="1" ind2=" " tag="700"><subfield code="a">Rothenberg, David</subfield><subfield code="d">1962-</subfield><subfield code="0">(DE-588)131718878</subfield><subfield code="6">880-02</subfield></datafield><datafield ind1="1" ind2=" " tag="880"><subfield code="6">700-02</subfield><subfield code="a">Rothenberg, David</subfield><subfield code="d">1962-....</subfield><subfield code="0">(IDREF)119916126</subfield></datafield><datafield ind1=" " ind2=" " tag="900"><subfield code="a">REROnoselfmerge</subfield></datafield></record>
</metadata></record>