<record><header><identifier>oai:alma.41SLSP_UGE:991000767929705502</identifier><datestamp>2024-06-28T00:09:01Z</datestamp><setSpec>uge_bcen_RapidILL_BOOK</setSpec><setSpec>uge_aaca_RapidILL_BOOK</setSpec><setSpec>uge_abels_RapidILL_BOOK</setSpec><setSpec>uge_dbu_RapidILL_BOOK</setSpec><setSpec>uge_cmu_RapidILL_BOOK</setSpec><setSpec>uge_mail_RapidILL_BOOK</setSpec><setSpec>uge_abbat_RapidILL_BOOK</setSpec><setSpec>UNIGE_ALL</setSpec><setSpec>uge_aobs_RapidILL_BOOK</setSpec><setSpec>uge_acar_RapidILL_BOOK</setSpec></header><metadata>
<record xmlns="http://www.loc.gov/MARC21/slim" xmlns:xsi="http://www.w3.org/2001/XMLSchema-instance" xsi:schemaLocation="http://www.loc.gov/MARC21/slim http://www.loc.gov/standards/marcxml/schema/MARC21slim.xsd"><leader>01623nam a2200445 c 4500</leader><controlfield tag="001">991000767929705502</controlfield><controlfield tag="005">20230409182649.0</controlfield><controlfield tag="008">201011t20202020fr            000 0 fre d</controlfield><datafield ind1=" " ind2=" " tag="020"><subfield code="a">9782370711984</subfield><subfield code="q">paperback</subfield></datafield><datafield ind1=" " ind2=" " tag="020"><subfield code="a">2370711981</subfield></datafield><datafield ind1=" " ind2=" " tag="035"><subfield code="a">(swissbib)223903507-41slsp_network</subfield></datafield><datafield ind1=" " ind2=" " tag="035"><subfield code="a">223903507</subfield><subfield code="9">ExL</subfield></datafield><datafield ind1=" " ind2=" " tag="035"><subfield code="a">(RERO)R009060534-41slsp</subfield></datafield><datafield ind1=" " ind2=" " tag="035"><subfield code="a">(NEBIS)011618571EBI01</subfield></datafield><datafield ind1=" " ind2=" " tag="035"><subfield code="a">(OCoLC)1159154093</subfield></datafield><datafield ind1=" " ind2=" " tag="035"><subfield code="a">(EXLNZ-41SLSP_NETWORK)991096384669705501</subfield></datafield><datafield ind1=" " ind2=" " tag="040"><subfield code="a">RERO geuses</subfield><subfield code="d">CH-ZuSLS UBE</subfield><subfield code="b">fre</subfield><subfield code="e">rda</subfield></datafield><datafield ind1="0" ind2=" " tag="041"><subfield code="a">fre</subfield></datafield><datafield ind1=" " ind2="7" tag="072"><subfield code="a">ss</subfield><subfield code="2">rero</subfield></datafield><datafield ind1="0" ind2="4" tag="082"><subfield code="a">307</subfield></datafield><datafield ind1="7" ind2="4" tag="082"><subfield code="a">300</subfield><subfield code="2">23sdnb</subfield></datafield><datafield ind1="1" ind2=" " tag="100"><subfield code="a">Luxembourg, Corinne</subfield><subfield code="d">1979-....</subfield><subfield code="0">(IDREF)132212471</subfield><subfield code="4">aut</subfield></datafield><datafield ind1="1" ind2="0" tag="245"><subfield code="a">&lt;&lt;Les&gt;&gt; sens de la ville</subfield><subfield code="b">pour un urbanisme de la vie quotidienne</subfield><subfield code="c">Corinne Luxembourg, Damien Labruyère, Emmanuelle Faure</subfield></datafield><datafield ind1=" " ind2="1" tag="264"><subfield code="a">Montreuil</subfield><subfield code="b">Le Temps des Cerises</subfield><subfield code="c">[2020]</subfield></datafield><datafield ind1=" " ind2="4" tag="264"><subfield code="c">2020</subfield></datafield><datafield ind1=" " ind2=" " tag="300"><subfield code="a">509 pages</subfield><subfield code="b">illustrations</subfield><subfield code="c">20 cm</subfield></datafield><datafield ind1=" " ind2=" " tag="336"><subfield code="b">txt</subfield><subfield code="2">rdacontent</subfield></datafield><datafield ind1=" " ind2=" " tag="337"><subfield code="b">n</subfield><subfield code="2">rdamedia</subfield></datafield><datafield ind1=" " ind2=" " tag="338"><subfield code="b">nc</subfield><subfield code="2">rdacarrier</subfield></datafield><datafield ind1="0" ind2=" " tag="490"><subfield code="a">Penser le monde</subfield></datafield><datafield ind1=" " ind2="7" tag="650"><subfield code="a">Städtebaupolitik</subfield><subfield code="2">gnd</subfield><subfield code="0">(DE-588)4182775-2</subfield></datafield><datafield ind1=" " ind2="7" tag="650"><subfield code="a">Stadtleben</subfield><subfield code="2">gnd</subfield><subfield code="0">(DE-588)4424590-7</subfield></datafield><datafield ind1=" " ind2="7" tag="650"><subfield code="a">Öffentlicher Raum</subfield><subfield code="2">gnd</subfield><subfield code="0">(DE-588)4172385-5</subfield></datafield><datafield ind1=" " ind2="7" tag="650"><subfield code="a">Urbanisme</subfield><subfield code="0">(IDREF)027254925</subfield><subfield code="2">idref</subfield></datafield><datafield ind1=" " ind2="7" tag="650"><subfield code="a">Sociologie du quotidien</subfield><subfield code="0">(IDREF)030473497</subfield><subfield code="2">idref</subfield></datafield><datafield ind1=" " ind2="7" tag="650"><subfield code="a">Vie pratique</subfield><subfield code="0">(IDREF)027426106</subfield><subfield code="2">idref</subfield></datafield><datafield ind1=" " ind2="7" tag="650"><subfield code="a">Communautés urbaines</subfield><subfield code="0">(IDREF)050124900</subfield><subfield code="2">idref</subfield></datafield><datafield ind1="1" ind2=" " tag="700"><subfield code="a">Labruyère, Damien</subfield><subfield code="e">éditeur intellectuel</subfield><subfield code="4">aut</subfield></datafield><datafield ind1="1" ind2=" " tag="700"><subfield code="a">Faure, Emmanuelle</subfield><subfield code="c">géographe</subfield><subfield code="d">1987-....</subfield><subfield code="0">(IDREF)200041657</subfield><subfield code="4">aut</subfield></datafield><datafield ind1=" " ind2=" " tag="900"><subfield code="a">REROnoselfmerge</subfield></datafield><datafield ind1=" " ind2=" " tag="900"><subfield code="a">Stoppsignal FRED</subfield><subfield code="x">UBE/B410/202108</subfield></datafield></record>
</metadata></record>