<record><header><identifier>oai:alma.41SLSP_UGE:991000788439705502</identifier><datestamp>2023-03-01T01:10:08Z</datestamp><setSpec>uge_bcen_RapidILL_BOOK</setSpec><setSpec>uge_aaca_RapidILL_BOOK</setSpec><setSpec>uge_abels_RapidILL_BOOK</setSpec><setSpec>uge_dbu_RapidILL_BOOK</setSpec><setSpec>uge_cmu_RapidILL_BOOK</setSpec><setSpec>uge_mail_RapidILL_BOOK</setSpec><setSpec>UNIGE_ALL</setSpec><setSpec>uge_abbat_RapidILL_BOOK</setSpec><setSpec>uge_acar_RapidILL_BOOK</setSpec><setSpec>uge_aobs_RapidILL_BOOK</setSpec></header><metadata>
<record xmlns="http://www.loc.gov/MARC21/slim" xmlns:xsi="http://www.w3.org/2001/XMLSchema-instance" xsi:schemaLocation="http://www.loc.gov/MARC21/slim http://www.loc.gov/standards/marcxml/schema/MARC21slim.xsd"><leader>02230nam a2200529 c 4500</leader><controlfield tag="001">991000788439705502</controlfield><controlfield tag="005">20230224183804.0</controlfield><controlfield tag="008">201011s1980    ne ||||| |||| 10| ||eng d</controlfield><datafield ind1=" " ind2=" " tag="020"><subfield code="a">9027930384</subfield></datafield><datafield ind1=" " ind2=" " tag="035"><subfield code="a">(swissbib)216271029-41slsp_network</subfield></datafield><datafield ind1=" " ind2=" " tag="035"><subfield code="a">216271029</subfield><subfield code="9">ExL</subfield></datafield><datafield ind1=" " ind2=" " tag="035"><subfield code="a">(RERO)0303236-41slsp</subfield></datafield><datafield ind1=" " ind2=" " tag="035"><subfield code="a">(IDSBB)000153882DSV01</subfield></datafield><datafield ind1=" " ind2=" " tag="035"><subfield code="a">(NEBIS)005575949EBI01</subfield></datafield><datafield ind1=" " ind2=" " tag="035"><subfield code="a">(EXLNZ-41SLSP_NETWORK)991054805629705501</subfield></datafield><datafield ind1=" " ind2=" " tag="040"><subfield code="a">RERO</subfield><subfield code="d">CH-ZuSLS</subfield></datafield><datafield ind1=" " ind2=" " tag="044"><subfield code="a">ne</subfield><subfield code="a">fr</subfield></datafield><datafield ind1=" " ind2="7" tag="072"><subfield code="a">lg</subfield><subfield code="2">rero</subfield></datafield><datafield ind1=" " ind2="7" tag="072"><subfield code="a">as</subfield><subfield code="2">SzZuIDS BS/BE</subfield></datafield><datafield ind1=" " ind2=" " tag="084"><subfield code="a">ET 300</subfield><subfield code="2">rvk</subfield></datafield><datafield ind1="0" ind2="0" tag="245"><subfield code="a">Historical Morphology</subfield><subfield code="c">ed. by Jacek Fisiak</subfield></datafield><datafield ind1=" " ind2="1" tag="264"><subfield code="a">The Hague</subfield><subfield code="a">Paris</subfield><subfield code="b">Mouton</subfield><subfield code="c">[1980]</subfield></datafield><datafield ind1=" " ind2="4" tag="264"><subfield code="c">© 1980</subfield></datafield><datafield ind1=" " ind2=" " tag="300"><subfield code="a">XIII, 476 p.</subfield><subfield code="c">24 cm</subfield></datafield><datafield ind1=" " ind2=" " tag="336"><subfield code="b">txt</subfield><subfield code="2">rdacontent</subfield></datafield><datafield ind1=" " ind2=" " tag="337"><subfield code="b">n</subfield><subfield code="2">rdamedia</subfield></datafield><datafield ind1=" " ind2=" " tag="338"><subfield code="b">nc</subfield><subfield code="2">rdacarrier</subfield></datafield><datafield ind1="1" ind2=" " tag="490"><subfield code="a">Trends in linguistics. Studies and monographs</subfield><subfield code="v">17</subfield></datafield><datafield ind1=" " ind2=" " tag="500"><subfield code="a">Contient 23 contributions présentées à l'International Conference on Historical Morphology, Boszkowo, 1978</subfield></datafield><datafield ind1=" " ind2=" " tag="500"><subfield code="a">Papers prepared for the International Conference on Historical Morphology held at Bozskowo, 15.-18. March, 1978</subfield></datafield><datafield ind1=" " ind2="7" tag="650"><subfield code="a">Morphologie (linguistique)</subfield><subfield code="0">(IDREF)028686160</subfield><subfield code="2">idref</subfield></datafield><datafield ind1=" " ind2="7" tag="650"><subfield code="a">Linguistique historique</subfield><subfield code="0">(IDREF)027236021</subfield><subfield code="2">idref</subfield></datafield><datafield ind1=" " ind2="7" tag="655"><subfield code="a">Actes de congrès</subfield><subfield code="0">(IDREF)02886431X</subfield><subfield code="2">idref</subfield></datafield><datafield ind1=" " ind2="7" tag="655"><subfield code="a">Konferenzschrift</subfield><subfield code="z">Boszkowo</subfield><subfield code="y">1978</subfield><subfield code="2">gnd-content</subfield></datafield><datafield ind1=" " ind2=" " tag="690"><subfield code="a">Morphologie</subfield><subfield code="2">uzb-UG</subfield></datafield><datafield ind1=" " ind2=" " tag="690"><subfield code="a">Sprachwissenschaft</subfield><subfield code="2">uzb-UG</subfield></datafield><datafield ind1="1" ind2=" " tag="700"><subfield code="a">Fisiak, Jacek</subfield><subfield code="d">1936-2019</subfield><subfield code="0">(DE-588)118818635</subfield><subfield code="6">880-02</subfield></datafield><datafield ind1="1" ind2=" " tag="880"><subfield code="6">700-02</subfield><subfield code="a">Fisiak, Jacek</subfield><subfield code="d">1936-2019</subfield><subfield code="0">(IDREF)028465156</subfield></datafield><datafield ind1="2" ind2=" " tag="711"><subfield code="a">International Conference on Historical Morphology</subfield><subfield code="0">(DE-588)1091660239</subfield></datafield><datafield ind1="2" ind2=" " tag="711"><subfield code="a">International Conference on Historical Linguistics</subfield><subfield code="0">(DE-588)12721-8</subfield></datafield><datafield ind1="2" ind2=" " tag="711"><subfield code="a">International Conference on Historical Morphology</subfield><subfield code="d">1978</subfield><subfield code="c">Boszkowo</subfield><subfield code="0">(RERO)A012370209</subfield></datafield><datafield ind1="4" ind2=" " tag="856"><subfield code="3">Inhaltsverzeichnis</subfield><subfield code="u">http://www.ub.unibas.ch/tox/HBZ/HT002454403/PDF</subfield><subfield code="q">pdf</subfield></datafield><datafield ind1=" " ind2=" " tag="830"><subfield code="a">Trends in linguistics</subfield><subfield code="p">Studies and monographs</subfield><subfield code="v">17</subfield><subfield code="w">(IDSBB)000120096DSV01</subfield></datafield><datafield ind1=" " ind2=" " tag="830"><subfield code="a">Trends in linguistics</subfield><subfield code="v">17</subfield><subfield code="w">(RERO)0107027-41slsp</subfield></datafield><datafield ind1=" " ind2=" " tag="900"><subfield code="a">REROnoselfmerge</subfield></datafield><datafield ind1=" " ind2=" " tag="900"><subfield code="a">IDSZ2esmon201201r</subfield><subfield code="c">IDSZ2fumo</subfield></datafield><datafield ind1=" " ind2=" " tag="900"><subfield code="f">IDSU2medea</subfield></datafield><datafield ind1=" " ind2=" " tag="949"><subfield code="a">http://www.ub.unibas.ch/tox/HBZ/HT002454403/PDF</subfield></datafield></record>
</metadata></record><record><header status="deleted"><identifier>oai:alma.41SLSP_UGE:991000788369705502</identifier><datestamp>2023-03-07T01:07:25Z</datestamp><setSpec>uge_bcen_RapidILL_BOOK</setSpec><setSpec>uge_aaca_RapidILL_BOOK</setSpec><setSpec>uge_abels_RapidILL_BOOK</setSpec><setSpec>uge_dbu_RapidILL_BOOK</setSpec><setSpec>uge_cmu_RapidILL_BOOK</setSpec><setSpec>uge_mail_RapidILL_BOOK</setSpec><setSpec>uge_abbat_RapidILL_BOOK</setSpec><setSpec>UNIGE_ALL</setSpec><setSpec>uge_aobs_RapidILL_BOOK</setSpec><setSpec>uge_acar_RapidILL_BOOK</setSpec></header></record>