<record><header><identifier>oai:alma.41SLSP_UGE:991000788059705502</identifier><datestamp>2023-05-03T00:23:48Z</datestamp><setSpec>uge_bcen_RapidILL_BOOK</setSpec><setSpec>uge_aaca_RapidILL_BOOK</setSpec><setSpec>uge_abels_RapidILL_BOOK</setSpec><setSpec>uge_dbu_RapidILL_BOOK</setSpec><setSpec>uge_cmu_RapidILL_BOOK</setSpec><setSpec>uge_mail_RapidILL_BOOK</setSpec><setSpec>uge_abbat_RapidILL_BOOK</setSpec><setSpec>UNIGE_ALL</setSpec><setSpec>uge_acar_RapidILL_BOOK</setSpec><setSpec>uge_aobs_RapidILL_BOOK</setSpec></header><metadata>
<record xmlns="http://www.loc.gov/MARC21/slim" xmlns:xsi="http://www.w3.org/2001/XMLSchema-instance" xsi:schemaLocation="http://www.loc.gov/MARC21/slim http://www.loc.gov/standards/marcxml/schema/MARC21slim.xsd"><leader>02661nam a2200661 c 4500</leader><controlfield tag="001">991000788059705502</controlfield><controlfield tag="005">20230502190843.0</controlfield><controlfield tag="008">201012s2007    fr ||||| |||| 00| ||fre d</controlfield><datafield ind1=" " ind2=" " tag="020"><subfield code="a">9782859445775</subfield></datafield><datafield ind1=" " ind2=" " tag="035"><subfield code="a">(swissbib)242791743-41slsp_network</subfield></datafield><datafield ind1=" " ind2=" " tag="035"><subfield code="a">242791743</subfield><subfield code="9">ExL</subfield></datafield><datafield ind1=" " ind2=" " tag="035"><subfield code="a">(RERO)R004553585-41slsp</subfield></datafield><datafield ind1=" " ind2=" " tag="035"><subfield code="a">(NEBIS)005458581EBI01</subfield></datafield><datafield ind1=" " ind2=" " tag="035"><subfield code="a">(EXLNZ-41SLSP_NETWORK)991130759949705501</subfield></datafield><datafield ind1=" " ind2=" " tag="040"><subfield code="a">RERO labcud</subfield><subfield code="d">CH-ZuSLS</subfield></datafield><datafield ind1="0" ind2=" " tag="041"><subfield code="a">fre</subfield><subfield code="a">eng</subfield></datafield><datafield ind1=" " ind2="7" tag="072"><subfield code="a">hm</subfield><subfield code="2">rero</subfield></datafield><datafield ind1="0" ind2="4" tag="082"><subfield code="a">940</subfield></datafield><datafield ind1="1" ind2="4" tag="082"><subfield code="a">305.524 09480902</subfield><subfield code="2">22</subfield></datafield><datafield ind1="1" ind2="4" tag="082"><subfield code="a">940</subfield><subfield code="2">1</subfield></datafield><datafield ind1="0" ind2="0" tag="245"><subfield code="a">&lt;&lt;Les&gt;&gt; élites nordiques et l'Europe occidentale (XIIe-XVe siècle)</subfield><subfield code="b">actes de la rencontre franco-nordique organisée à Paris, 9-10 juin 32005</subfield><subfield code="c">sous la direction de Tuomas M. S. Lehtonen et Elisabeth Mornet</subfield></datafield><datafield ind1=" " ind2="1" tag="264"><subfield code="a">Paris</subfield><subfield code="b">Publication de la Sorbonne</subfield><subfield code="c">2007</subfield></datafield><datafield ind1=" " ind2=" " tag="300"><subfield code="a">316 p.</subfield></datafield><datafield ind1=" " ind2=" " tag="336"><subfield code="b">txt</subfield><subfield code="2">rdacontent</subfield></datafield><datafield ind1=" " ind2=" " tag="337"><subfield code="b">n</subfield><subfield code="2">rdamedia</subfield></datafield><datafield ind1=" " ind2=" " tag="338"><subfield code="b">nc</subfield><subfield code="2">rdacarrier</subfield></datafield><datafield ind1="1" ind2=" " tag="490"><subfield code="a">Histoire ancienne et médiévale</subfield><subfield code="v">94</subfield></datafield><datafield ind1=" " ind2=" " tag="500"><subfield code="a">Abstracts et contributions en français et en anglais</subfield></datafield><datafield ind1=" " ind2=" " tag="500"><subfield code="a">Index des noms de personnes, index des matières</subfield></datafield><datafield ind1=" " ind2=" " tag="500"><subfield code="a">Résumés, summaries</subfield></datafield><datafield ind1=" " ind2="7" tag="648"><subfield code="a">Geschichte 1000-1500</subfield><subfield code="2">idszbz</subfield></datafield><datafield ind1=" " ind2="7" tag="648"><subfield code="a">Geschichte 1100-1500</subfield><subfield code="2">idszbz</subfield></datafield><datafield ind1=" " ind2="7" tag="648"><subfield code="a">Geschichte 1100-1500</subfield><subfield code="2">gnd</subfield></datafield><datafield ind1=" " ind2="7" tag="650"><subfield code="a">élite</subfield><subfield code="0">(RERO)A009986626</subfield><subfield code="2">rerovoc</subfield></datafield><datafield ind1=" " ind2="7" tag="650"><subfield code="a">Etat - formation</subfield><subfield code="0">(RERO)A010080537</subfield><subfield code="2">rerovoc</subfield></datafield><datafield ind1=" " ind2="7" tag="650"><subfield code="a">12e siècle-15e siècle</subfield><subfield code="2">idref</subfield></datafield><datafield ind1=" " ind2="7" tag="650"><subfield code="a">Civilisation</subfield><subfield code="0">(IDREF)027784711</subfield><subfield code="2">idref</subfield></datafield><datafield ind1=" " ind2="7" tag="650"><subfield code="a">échange culturel</subfield><subfield code="0">(RERO)A010077038</subfield><subfield code="2">rerovoc</subfield></datafield><datafield ind1=" " ind2="7" tag="650"><subfield code="a">Église catholique</subfield><subfield code="0">(IDREF)027266605</subfield><subfield code="2">idref</subfield></datafield><datafield ind1=" " ind2="7" tag="650"><subfield code="a">Moyen âge</subfield><subfield code="0">(IDREF)027329917</subfield><subfield code="2">idref</subfield></datafield><datafield ind1=" " ind2="7" tag="650"><subfield code="a">Elite</subfield><subfield code="2">idszbz</subfield></datafield><datafield ind1=" " ind2="7" tag="650"><subfield code="a">Kulturkontakt</subfield><subfield code="2">idszbz</subfield></datafield><datafield ind1=" " ind2="7" tag="650"><subfield code="a">Elite</subfield><subfield code="0">(DE-588)4014457-4</subfield><subfield code="2">gnd</subfield></datafield><datafield ind1=" " ind2="7" tag="650"><subfield code="a">Kulturkontakt</subfield><subfield code="0">(DE-588)4033569-0</subfield><subfield code="2">gnd</subfield></datafield><datafield ind1=" " ind2="0" tag="650"><subfield code="a">Civilization, Medieval</subfield><subfield code="v">Congresses</subfield></datafield><datafield ind1=" " ind2="0" tag="650"><subfield code="a">Elite (Social sciences)</subfield><subfield code="z">Scandinavia</subfield><subfield code="x">History</subfield><subfield code="v">Congresses</subfield></datafield><datafield ind1=" " ind2="7" tag="651"><subfield code="a">Scandinavie</subfield><subfield code="0">(IDREF)027350789</subfield><subfield code="2">idref</subfield></datafield><datafield ind1=" " ind2="7" tag="651"><subfield code="a">Europe de l'Ouest</subfield><subfield code="0">(IDREF)027224694</subfield><subfield code="2">idref</subfield></datafield><datafield ind1=" " ind2="7" tag="651"><subfield code="a">Skandinavien</subfield><subfield code="2">idszbz</subfield></datafield><datafield ind1=" " ind2="7" tag="651"><subfield code="a">Westeuropa</subfield><subfield code="2">idszbz</subfield></datafield><datafield ind1=" " ind2="7" tag="651"><subfield code="a">Skandinavien</subfield><subfield code="0">(DE-588)4055209-3</subfield><subfield code="2">gnd</subfield></datafield><datafield ind1=" " ind2="7" tag="651"><subfield code="a">Westeuropa</subfield><subfield code="0">(DE-588)4079215-8</subfield><subfield code="2">gnd</subfield></datafield><datafield ind1=" " ind2="7" tag="655"><subfield code="a">Actes de congrès</subfield><subfield code="0">(IDREF)02886431X</subfield><subfield code="2">idref</subfield></datafield><datafield ind1=" " ind2="7" tag="655"><subfield code="a">Konferenzschrift</subfield><subfield code="z">Paris</subfield><subfield code="y">2005</subfield><subfield code="2">gnd-content</subfield></datafield><datafield ind1="1" ind2=" " tag="700"><subfield code="a">Mornet, Elisabeth</subfield><subfield code="d">19..-....</subfield><subfield code="0">(IDREF)057263280</subfield></datafield><datafield ind1="1" ind2=" " tag="700"><subfield code="a">Lehtonen, Tuomas Martti Samuel</subfield><subfield code="d">1960-....</subfield><subfield code="0">(IDREF)055775721</subfield></datafield><datafield ind1=" " ind2=" " tag="830"><subfield code="a">Histoire ancienne et médiévale</subfield><subfield code="v">94</subfield><subfield code="w">(RERO)0454467-41slsp</subfield></datafield><datafield ind1=" " ind2=" " tag="900"><subfield code="a">REROnoselfmerge</subfield></datafield><datafield ind1=" " ind2=" " tag="900"><subfield code="a">IDSZ2zbzmon200712e</subfield><subfield code="c">IDSZ2tres</subfield><subfield code="d">IDSZ2zbzswk200801b</subfield><subfield code="e">IDSZ2brue</subfield></datafield></record>
</metadata></record>